2534 4010
419 253 457 316 x.
475 251 597 314 utor.
619 244 729 329 aaa
1026 253 1068 322 tt

77 405 166 466 dedit
179 403 338 479 liliumque
359 405 425 466 eius
440 405 486 465 sic
501 403 625 466 educari
638 405 743 482 iussit,
757 413 790 466 ut
804 405 992 482 indulgendo
1006 412 1068 468 tur-

75 487 217 566 pissimis
231 487 417 549 imbueretur
431 488 658 564 cupiditatibus.
672 489 749 550 Nam
762 505 869 566 puero,
886 490 1065 566 priusquam
1081 496 1100 554 t

75 572 179 648 pubes
194 579 292 647 esset,
314 579 417 634 scorta
431 571 669 648 adducebantur,
691 573 764 634 vino
780 574 942 650 apulisque
958 575 1067 636 obrue·

74 655 177 729 batur,
193 671 294 731 neque
308 656 404 716 ullum
414 663 535 732 tempus
547 655 652 718 sobrio
663 657 901 734 relinquebatur.
922 657 953 717 Is
968 665 1099 734 usqued

74 753 113 800 eo
129 739 215 799 vitae
236 745 347 800 statum
366 747 581 802 commutatum
596 741 677 801 lerre
690 757 752 801 non
767 743 880 818 potuit,
901 748 1067 817 postquam

72 821 106 884 in
121 822 255 898 patriam
274 823 365 884 rediit
378 831 466 898 pater
487 831 634 900 (namque
651 825 786 900 appositi
807 833 894 886 erant
908 826 1065 900 custodes,

75 908 129 982 qui
146 922 218 967 eum
231 921 251 966 a
264 907 394 982 pristino
409 908 494 968 victu
508 908 724 984 deducerent),
747 915 780 968 ut
799 924 834 968 se
850 909 889 968 de
904 909 1067 984 superiore

74 997 166 1066 parte
181 990 303 1068 aedium
325 990 471 1051 deiecerit
490 998 584 1068 atquc
605 992 647 1052 ita
666 991 821 1053 interierit.
854 991 917 1052 Sed
932 993 1003 1054 illuc
1017 1009 1066 1052 re-

76 1080 194 1144 vertar.

140 1157 308 1233 Postquam
324 1157 499 1220 Corinthum
517 1159 657 1234 pervenit
669 1158 748 1219 Dion
763 1165 793 1220 et
810 1158 920 1219 eodem
935 1159 1097 1236 perfugitV

75 1241 257 1302 Heraclides
276 1240 315 1302 ab
336 1243 446 1302 eodem
467 1242 617 1318 expulsus
631 1242 794 1321 Dionysio,
818 1243 869 1318 qui
890 1243 1065 1318 praelectus

75 1325 177 1386 luerat
187 1325 334 1402 equitum,
350 1326 431 1386 omni
442 1326 560 1386 ratione
571 1325 685 1389 bellum
696 1341 877 1402 comparare
888 1335 1065 1403 coeperunt.

76 1409 141 1470 Sed
162 1425 224 1469 non
245 1410 371 1470 mustum
391 1409 609 1486 proficiebant,
629 1411 714 1484 quod
730 1411 894 1470 multorum
915 1419 1096 1472 annoruma

74 1492 217 1572 tyrannis
238 1508 416 1567 magnarum
438 1509 532 1568 opum
547 1493 721 1568 putabatur.
759 1494 855 1568 Quam
876 1493 916 1554 ob
938 1509 1064 1556 causam
1172 1561 1174 1566 ,
1206 1507 1218 1532 -’
1262 1455 1263 1466 ¹

74 1576 168 1651 pauci
194 1576 235 1636 ad
255 1577 434 1637 societatem
459 1575 588 1652 periculi
613 1577 870 1652 perducebantur.
899 1577 963 1638 Sed
982 1575 1095 1638 Diona

75 1660 175 1720 iretus
201 1675 263 1720 non
283 1667 345 1720 tam
368 1662 434 1721 suis
455 1660 554 1736 copiis
578 1677 678 1739 quam¹
692 1661 765 1722 odio
785 1662 908 1740 tyranni
929 1662 1064 1722 maximo

75 1745 178 1804 animo
202 1743 322 1804 duabus
344 1744 492 1804 onerariis
514 1744 645 1806 navibus
673 1745 894 1820 quinquaginta
915 1760 1065 1806 annorum

74 1827 239 1903 imperium
265 1829 413 1888 munitum
442 1828 616 1904 quingentis
645 1830 745 1903 longis
773 1827 920 1900 navibus,
956 1827 1066 1891 decom

75 1911 215 1987 equitum
232 1917 415 1988 centumque
429 1912 568 1988 peditum
587 1911 709 1972 milibus
725 1913 882 1988 proiectus
900 1925 1064 1992 oppugna·

74 2003 148 2069 tum,
172 1997 256 2070 quod
278 1995 419 2057 omnibus
437 1996 578 2072 gentibus
594 1995 773 2056 admirabile
783 2001 838 2062 ,est
852 1996 963 2069 visum,
982 1995 1063 2058 adeo

33 2135 35 2140 .
74 2079 166 2138 laeile
182 2080 319 2153 perculit,
342 2087 375 2140 ut
388 2087 461 2155 post
475 2080 557 2140 diem
568 2081 688 2140 tertium
704 2097 795 2155 quam
810 2077 945 2140 Siciliam
959 2079 1065 2154 attige-

73 2171 122 2222 rat
144 2162 318 2238 Syracusas
339 2163 496 2224 introierit.
531 2163 579 2224 Ex
601 2179 662 2238 quo
685 2164 818 2237 intellegi
833 2169 935 2238 potest
948 2163 1064 2222 nullum

74 2261 148 2306 esse
163 2247 324 2321 imperium
338 2253 434 2308 tutum
448 2247 508 2308 nisi
521 2247 738 2308 benevolentia
750 2246 910 2306 munitum.
929 2246 975 2322 Eo
987 2254 1059 2317 tem·
1074 2252 1092 2307 4

73 2333 154 2406 pore
177 2328 281 2390 aberat
301 2330 470 2409 Dionysius
491 2331 570 2391 etin
591 2331 678 2390 ltalia
692 2331 824 2391 classem
846 2327 1063 2405 opperiebatur

74 2414 322 2474 adversariorum
341 2423 426 2475 ratus
448 2415 600 2474 neminem
621 2415 689 2476 sine
709 2415 828 2489 magnis
851 2413 950 2490 copiis
971 2413 1063 2474 adse

73 2503 245 2556 venturum.
282 2497 366 2572 Quae
381 2515 432 2558 res
447 2515 517 2559 eum
533 2499 647 2558 lelellit.
682 2499 759 2558 Nam
773 2497 902 2558 Dioclis
917 2497 995 2573 ipsis
1011 2496 1095 2572 quib

74 2581 134 2641 sub
151 2579 323 2643 adversarii
344 2583 464 2643 lucrant
484 2589 639 2659 potestate
655 2583 758 2658 regios
774 2581 900 2659 spiritus
914 2581 1064 2657 repressit

73 2665 232 2741 totiusque
243 2667 309 2728 eius
322 2668 418 2742 partis
431 2665 553 2728 Siclliae
564 2667 678 2743 potitus
694 2671 743 2726 est
758 2681 837 2742 quae
852 2664 909 2725 sub
921 2663 1065 2740 Dionysii

73 2749 175 2810 luerat
189 2755 342 2824 potestate
357 2750 485 2828 parique
500 2751 593 2811 modo
605 2749 690 2811 urbis
704 2748 928 2827 Syracusarum
942 2753 1065 2824 praeter

73 2847 178 2892 arcem
193 2839 223 2892 et
237 2835 367 2896 insulam
382 2835 556 2896 adiunctam
570 2834 687 2912 oppido
703 2848 805 2908 eoque
824 2848 890 2893 rem
911 2831 1095 2908 perduxitt

74 2923 107 2976 ut
120 2916 234 2978 talibus
258 2919 450 2994 pactionibus
469 2935 577 2994 pacem
598 2925 748 2997 tyrannus
770 2918 872 2976 lacere
887 2916 993 2976 velletr
1016 2914 1063 2976 Si·

73 3000 176 3060 elliam
190 3000 269 3062 Ilion
285 3002 443 3075 obtineret,
458 3003 575 3063 ltaliam
585 3000 766 3079 Dionysius,
783 2999 957 3078 Syracusas
967 2999 1064 3076 Apol-

73 3083 219 3160 locrates,
235 3087 284 3147 cui
298 3087 463 3146 maximam
477 3086 571 3147 fidem
585 3087 637 3146 uni
650 3083 786 3146 habebat
799 3085 888 3146 Dion.

130 3168 198 3228 Has
217 3175 280 3230 tam
295 3186 468 3246 prosperas
489 3177 614 3246 tamque
635 3169 811 3244 inopinatas
831 3185 882 3229 res
897 3164 1108 3228 consecutaVI

72 3257 122 3311 est
136 3251 238 3314 subita
252 3254 461 3330 commutatio,
485 3254 571 3331 quod
585 3254 707 3315 fortuna
721 3270 779 3314 sua
793 3253 959 3313 mobilitate
975 3264 1066 3325 quem

73 3335 168 3410 paulo
190 3343 260 3398 ante
282 3339 431 3400 extulerat
453 3339 632 3413 demergere
652 3344 701 3398 est
721 3338 840 3398 adorta.
882 3335 1014 3396 Primum
1036 3333 1099 3396 int

72 3417 154 3491 filio,
179 3417 220 3480 de
243 3437 305 3497 quo
328 3422 566 3484 commemoravi
588 3437 699 3498 supra,
726 3437 815 3482 suam
836 3420 899 3480 vim
920 3414 1067 3480 exercuit.

71 3500 152 3562 llam
179 3519 248 3565 cum
275 3521 404 3568 uxorem
432 3504 609 3566 reduxisset
637 3520 718 3582 quae
745 3505 798 3566 alii
829 3504 930 3566 iuerat
956 3499 1068 3564 tradita
