2556 3994
351 235 430 297 xvl.
445 235 723 304 retovinis.
743 251 769 306 1.
784 254 810 306 i.
826 254 853 308 3.
1046 245 1090 310 5⁹

102 384 266 448 mimicitiis
287 385 384 449 sedus
406 388 559 450 ducebant
586 405 642 451 eos
670 391 806 454 obsideri
834 409 928 469 quam
954 395 1085 460 liberari

100 470 175 532 llam
186 477 260 546 post
267 469 524 548 Peloponnesium
537 472 855 552 bellumAthenasque
867 478 1004 539 devictas
1014 496 1083 542 cum

99 553 253 614 Thebanis
267 553 327 613 sibi
340 571 405 615 rem
420 569 490 616 csse
505 555 719 620 existimabant
733 566 763 618 et
776 573 832 622 eos
847 575 920 620 esse
933 562 1019 623 solos
1031 566 1082 638 qui

98 638 252 700 adversus
262 637 418 698 resistere
424 639 579 700 auderent.
608 639 672 700 Hac
686 649 786 702 nrerrle
800 643 905 704 alaricis
921 645 986 704 suis
1001 662 1082 706 smn-
1096 662 1115 715 ι

97 736 166 781 mas
187 727 358 796 potestates
377 721 525 782 dederant
548 723 735 817 alteriusque
764 726 903 788 iectionis
926 726 1080 804 pr'nreipes

97 804 210 880 partim
224 803 444 879 interfecerant,
457 804 556 865 alios'
548 821 579 864 ιιι
593 805 717 866 exilium
732 807 893 869 eiecerunt
921 810 954 870 ln
968 811 1080 886 quibus

96 886 263 1028 Pelopidas
277 887 328 946 hic
342 888 381 947 de
396 903 457 996 quc
473 886 607 948 scribere
621 890 725 950 exorsi
740 907 846 952 struas
861 892 971 967 pulsas
981 896 1080 968 patria

97 977 223 1030 careret

174 1055 212 1114 Hi
235 1069 342 1114 onmes
363 1053 427 1114 iere
445 1053 582 1114 Athenas
603 1070 639 1114 se
654 1055 852 1130 contulerant,
875 1072 937 1118 non
953 1075 1078 1132 quese-
1094 1059 1123 1119 ll

97 1144 263 1213 querentur
282 1137 375 1197 oliam
395 1137 451 1198 'sed
473 1144 504 1197 ιιι
519 1154 608 1211 qoem
623 1154 661 1198 ex
676 1138 819 1213 proximo
830 1139 931 1201 locum
945 1141 1012 1201 lors
1024 1141 1077 1202 ob·

97 1222 218 1292 tulisset
245 1235 283 1280 ec
311 1218 439 1294 patriam
459 1235 642 1295 recuperare
661 1222 834 1282 niterentur.
881 1222 988 1297 ltaque
1009 1237 1107 1290 cumi

95 1312 218 1380 tempus
241 1310 289 1364 est
309 1304 407 1364 visum
427 1302 471 1362 ιιι
486 1305 648 1378 gerendae,
671 1305 870 1364 conmuniter
887 1321 957 1366 cum
972 1307 1010 1366 iis
1026 1308 1077 1381 qui

94 1387 208 1448 Thebis
221 1385 484 1447 idemsentiebant
495 1387 575 1446 diem
587 1387 764 1462 delegerunt
774 1387 815 1446 ad
826 1388 965 1448 inimicos
974 1390 1076 1465 oppri-

95 1471 227 1532 mendos
249 1470 461 1543 civitatemque
484 1469 671 1529 liberandam
697 1485 766 1529 earn
788 1485 852 1545 quo
873 1472 995 1532 maximi
1015 1488 1077 1532 ma-

94 1556 251 1650 gistralus·
256 1553 346 1620 simrd
360 1559 544 1612 consuerant
558 1552 684 1628 epulari
704 1553 834 1628 Magnae
845 1569 940 1630 saepe
954 1570 1004 1614 res
1016 1566 1106 1620 ncne

94 1639 137 1700 ita
151 1637 270 1712 magnis
285 1636 383 1710 copiis
399 1643 470 1697 sunt
482 1641 596 1710 gestae,
613 1636 667 1695 sed
686 1637 822 1710 prolecto
838 1653 1002 1710 numquam
1017 1644 1078 1716 tam

95 1723 135 1782 ab
146 1721 230 1781 lenur
241 1721 324 1780 ιιιιιιο
336 1725 436 1779 mutae
447 1733 524 1794 opes
536 1725 606 1778 sunt
618 1719 808 1793 profligatae.
828 1719 904 1779 Nam
915 1717 1079 1781 duodecim

95 1803 319 1866 adulescentuli
339 1802 475 1862 coierunt
490 1819 529 1862 ex
547 1801 585 1862 iis
601 1819 652 1876 qur
644 1802 758 1860 exilio
774 1806 859 1861 erant
874 1801 987 1860 multati
1010 1816 1078 1862 cum

95 1889 220 1948 cannino
234 1903 295 1948 non
310 1892 415 1946 essent
425 1884 555 1959 amphus
572 1889 691 1944 eentum
705 1885 756 1957 qui
778 1890 860 1944 tanto
879 1899 914 1943 se
934 1883 1078 1944 oiicrrent

95 1973 243 2049 periculo.
273 1970 338 2044 Qua
357 1967 508 2044 paucitate
530 1982 678 2042 percussa
698 1974 746 2027 cst
765 1965 1077 2028 Lacedaemoniorum

96 2057 242 2132 potentia
264 2055 302 2114 lir
314 2069 394 2113 emm
405 2067 466 2112 non
478 2066 574 2124 rnagrs
586 2050 833 2110 aduersariorum
850 2050 973 2111 iactrcm
985 2059 1106 2124 quaml

96 2139 258 2215 Spartanis
287 2153 324 2197 eo
347 2144 485 2210 tempore
505 2133 619 2194 bellum
639 2134 816 2204 intulerunt,
846 2133 898 2206 qui
919 2133 1076 2208 principes

96 2230 183 2282 erant
196 2221 288 2282 totius
305 2218 458 2278 Graeciae.
479 2217 634 2290 Quorum
627 2216 745 2290 imperii
756 2215 910 2287 maiestas,
925 2231 1025 2289 neque
1036 2214 1078 2274 ita

96 2307 190 2366 multo
207 2311 279 2380 post
292 2301 449 2363 Leuctrica
464 2315 574 2374 pugna,
596 2299 634 2358 ab
648 2298 730 2358 hcc
723 2297 807 2358 mitio
824 2297 964 2372 perculsa
975 2296 1076 2358 coraci-

97 2389 150 2448 dit
172 2389 217 2446 liii
232 2387 322 2462 igitur
336 2382 506 2456 duodecim,
523 2398 651 2456 quorum
666 2381 728 2440 dux
741 2396 785 2439 er
784 2387 806 2439 ιι
819 2379 993 2454 Pelopidas,
1009 2393 1106 2446 cume

99 2471 226 2534 Athenis
242 2469 371 2530 interdiu
386 2466 537 2539 exissent,
552 2472 585 2526 ul
601 2470 838 2540 vesperascente
854 2465 940 2526 caelo
955 2463 1076 2524 Thebas

98 2562 228 2632 possent
250 2551 426 2628 pervenire,
448 2565 519 2609 cum
536 2548 664 2609 curribus
681 2547 829 2608 venaticis
845 2546 984 2607 exierunt
1000 2546 1079 2606 retia

98 2640 231 2698 ferentes
252 2635 364 2696 vestitu
384 2634 511 2708 agresti,
534 2648 595 2706 quo
617 2631 734 2692 minore
749 2630 928 2704 suspicione
944 2631 1078 2688 iacerent

98 2723 163 2784 iter.
193 2719 249 2794 Qui
264 2735 332 2780 clun
346 2724 483 2791 ternpore
499 2715 566 2790 ipso
582 2732 645 2790 quc
660 2713 839 2774 studuerant
853 2711 1076 2786 pervenissent,

97 2805 221 2866 domum
243 2801 391 2862 Charonis
412 2800 622 2872 deverterunt,
644 2799 745 2870 aquo
767 2800 797 2854 et
817 2802 937 2869 tempus
959 2801 989 2853 ct
1009 2792 1076 2852 dics

96 2893 163 2948 crat
176 2887 277 2946 datus.

176 2969 243 3030 Hoc
256 2970 326 3028 loco
340 2965 414 3025 libet
428 2963 632 3037 interponere,
646 2961 705 3022 etsi
719 2961 888 3022 seiunctum
900 2960 940 3019 ab
955 2974 988 3019 re
1000 2975 1070 3035 pre
1079 2963 1118 3024 ιιι

96 3052 201 3129 posita
221 3057 283 3123 est,
306 3048 404 3108 ninrie
419 3045 533 3106 fiducia
555 3052 686 3120 quantae
708 3043 868 3105 calmnitati
883 3045 981 3104 soleat
994 3055 1076 3102 esse.

95 3136 172 3196 Nam
193 3134 422 3209 magistratuum
435 3127 649 3189 Thebanorum
663 3127 762 3187 statin
778 3126 817 3187 ad
831 3127 914 3188 auris
929 3124 1076 3200 pervenit,

95 3217 226 3280 extales
219 3233 250 3277 ιιι
265 3214 373 3276 urbem
387 3212 520 3272 venisse.
548 3211 583 3270 ld
597 3210 639 3270 illi
654 3210 725 3271 vinc
741 3209 903 3286 cptdisque
918 3207 1011 3268 dediti
1026 3221 1076 3266 us·
1154 3267 1156 3274 ,

99 3316 160 3375 que
181 3316 219 3360 ec
241 3299 451 3374 despexerunt
471 3301 505 3354 ιιι
518 3309 557 3353 ne
579 3307 728 3368 quaerere
750 3291 873 3368 quidem
895 3290 933 3354 de
948 3296 1031 3350 tanta
1044 3303 1078 3346 re
1153 3321 1156 3352 2

96 3383 271 3445 laborarint.
308 3377 448 3440 Accessit
472 3377 561 3436 ctiam
586 3376 670 3452 quod
695 3375 791 3451 magis
817 3374 949 3450 aperiret
973 3377 1106 3432 eorumt

96 3466 289 3528 dementiam.
318 3463 419 3522 Allata
438 3465 486 3520 est
506 3459 586 3519 enim
602 3459 735 3535 epistola
747 3458 875 3520 Athenis
890 3454 928 3516 ab
943 3453 1077 3514 Archino
