2534 4010
167 233 208 320 lo
259 256 263 264 ·
412 239 916 319 transmaritanus(

138 415 238 481 sergo
253 405 387 481 Apollini
409 406 523 466 donum
545 407 681 468 dedisse.
709 402 774 468 llos
791 417 900 466 versus
915 407 1156 470 Lacedaemonii

166 490 400 566 exsculpserunt
410 503 511 564 neque
522 491 605 550 aliud
617 491 805 567 scripserunt
815 493 1155 568 quamnominaearum

166 574 329 649 civitatum,
346 589 474 650 quarum
489 575 602 634 auxilio
614 575 726 635 Persae
741 581 827 635 erant
842 573 922 634 victi.

135 659 164 718 ss
240 659 313 718 Post
327 657 358 717 id
374 659 523 732 proelium
535 651 667 718 eundem
681 658 863 719 Pausaniam
876 660 1057 721 cumulasse
1069 675 1153 722 corn-

165 743 249 802 muni
265 742 399 817 Cyprum
414 749 505 816 atquc
522 742 754 818 Hellespontum
768 743 924 815 miserunt,
945 751 978 805 ul
993 759 1033 804 ex
1044 743 1093 805 his
1105 759 1154 804 re·

18 891 24 900 ,
124 825 306 902 αςίοηίὴυε
327 824 525 886 barbarorum
541 826 696 902 praesidia
714 826 890 904 depelleret.
924 827 992 886 Pari
1011 829 1154 888 felicitate

165 911 196 969 iu
209 925 246 969 ea
259 925 293 968 re
307 925 383 971 usus
399 909 506 970 elatius
522 927 558 970 se
568 925 674 986 gerere
686 912 788 986 eoepit
798 911 993 988 maioresque
1005 917 1154 990 appetere

165 1009 225 1054 res.
257 993 333 1052 Nam
360 1009 428 1053 curn
448 995 598 1070 Byzantio
622 1003 799 1070 expugnato
821 993 956 1075 cepisset
977 999 1154 1071 complures

164 1079 326 1138 Persarum
340 1077 452 1138 nobilis
467 1086 559 1151 atque
574 1079 603 1137 in
615 1077 663 1137 his
675 1079 838 1139 nonnullos
855 1079 937 1154 regis
948 1075 1153 1156 propinquos,

157 1157 223 1222 'bos
239 1163 317 1222 clam
338 1161 431 1220 Xerxi
444 1163 560 1222 remisit
580 1163 727 1223 simulans
743 1178 783 1222 ex
801 1162 912 1223 vinclis
928 1159 1059 1238 publicis
1075 1163 1153 1224 eilu-

165 1245 259 1321 gissa,
275 1252 306 1305 el
320 1259 389 1304 cum
402 1245 450 1305 his
468 1246 641 1323 Gongylum
653 1246 866 1322 Eretriensem,
889 1247 941 1322 qui
955 1247 1072 1308 litteras
1086 1249 1153 1322 regi

165 1330 308 1390 redderet
332 1327 363 1388 in
375 1329 487 1404 quibus
499 1329 576 1390 hacc
587 1331 684 1390 luisse
698 1331 812 1406 scripta
822 1330 1020 1409 Thucydides
1035 1347 1153 1391 memo-

131 1415 228 1476 3liae
244 1375 392 1490 prodidit:
414 1413 593 1490 Pausanias,
605 1417 671 1476 dux
681 1415 820 1490 Spartae,
832 1431 905 1490 quos
915 1415 1050 1491 Byzanti
1058 1433 1153 1494 cepe-

164 1505 216 1559 rat
232 1505 389 1576 postquam
408 1501 591 1574 propinquos
608 1507 672 1560 tuas
694 1501 841 1573 copaour't,
855 1499 917 1560 'tibi
930 1501 1050 1560 muneri
1064 1501 1152 1574 misit,
1199 1501 1207 1506 ’

163 1599 252 1658 cepae
268 1589 362 1643 tecum
379 1581 529 1654 affinitate
539 1579 681 1656 coniungat
689 1586 786 1658 eupit:
804 1599 908 1658 quare,
925 1585 954 1643 st
962 1584 1152 1659 tibiutdeatr,

133 1669 359 1740 adascifilr‘am
369 1671 594 1754 tuamnaptpm.
621 1667 663 1726 Id
671 1670 698 1726 sl
704 1667 826 1739 seuera,
838 1671 868 1726 et
877 1665 1019 1742 Spartam
1028 1674 1059 1728 et
1067 1675 1153 1730 cete-

164 1767 231 1812 ram
251 1752 408 1812 Graeciam
427 1751 481 1812 sub
498 1757 579 1810 tuam
592 1749 766 1826 potestatam
783 1768 816 1811 se
832 1751 993 1811 adiuvante
1010 1759 1038 1812 tc
1053 1753 1150 1811 reda-

164 1845 280 1895 cruram
295 1838 461 1911 pollicetar.
482 1835 589 1896 ΗΜ
600 1835 725 1895 rebussr'
733 1835 883 1910 putaras·
891 1837 1025 1909 uolueras,
1037 1843 1152 1896 catam

129 1921 309 1979 abominant
326 1919 370 1978 ad
383 1935 450 1978 cum
461 1922 558 1978 mittas
565 1919 647 1992 sace,
664 1935 732 1978 cum
743 1933 800 1992 pao
809 1920 1003 1993 colloquatur.
1024 1919 1094 1978 Rex
1108 1925 1153 1980 tot

163 2001 1152 2077 hominumsalutetamsibinecessariorummagnoperegavisus

152 2085 325 2146 confestim
346 2099 415 2145 cum
436 2084 769 2160 epistolaA1·tabazum
788 2085 829 2144 ad
850 2082 1032 2146 Pausaniam
1051 2085 1150 2158 mittit,

164 2170 194 2229 in
211 2186 272 2244 qua
291 2184 362 2229 eum
383 2168 551 2239 collaudem
574 2168 663 2243 petit,
680 2184 720 2228 ne
733 2170 782 2228 cui
797 2168 841 2228 rei
857 2176 962 2242 parcet
976 2169 1016 2229 ad
1031 2184 1069 2229 ea
1084 2170 1151 2230 elli·

164 2254 282 2328 cienda,
298 2268 378 2328 quae
393 2253 555 2328 pollicetur
563 2277 579 2324 p
600 2252 627 2314 si
641 2251 812 2330 perfecerit,
832 2251 944 2312 nullius
959 2253 1002 2312 rei
1018 2269 1037 2311 a
1052 2269 1088 2314 se
1102 2270 1151 2314 re-

131 2339 285 2413 apulsam
299 2339 439 2398 laturum.
467 2336 566 2395 Huius
581 2335 750 2396 Pausanias
765 2337 924 2397 voluntate
945 2337 1067 2411 cognita
1088 2339 1150 2397 ala-

111 2427 113 2432 ’
163 2421 244 2482 crior
257 2421 297 2480 ad
308 2436 372 2479 rem
384 2419 550 2496 gerendam
563 2421 660 2480 lactus
675 2420 705 2478 in
717 2418 926 2496 suspicionem
939 2421 1048 2480 cecidit
1054 2420 1150 2481 Lace-

49 2563 51 2568 ,
163 2504 403 2564 daemoniorum.
431 2503 465 2562 ln
482 2520 542 2577 quo
559 2504 639 2563 iacto
653 2504 779 2563 domum
792 2511 964 2578 revocatus,
985 2511 1151 2566 acmmutus

165 2589 272 2664 capitis
285 2587 463 2661 absolvitur,
479 2589 621 2647 multatur
634 2593 735 2648 tamen
748 2588 888 2662 pecunia.
912 2587 1007 2662 Quam
1021 2589 1063 2648 ob
1079 2605 1149 2649 cau·

164 2688 230 2732 sam
242 2672 283 2732 ad
294 2673 427 2734 classem
441 2670 589 2732 remissus
605 2687 666 2730 nnn
682 2678 739 2731 est.

119 2757 161 2818 lll
177 2760 182 2769 '
223 2757 265 2817 At
279 2757 328 2816 ille
343 2763 416 2832 post
426 2771 488 2815 non
504 2757 597 2815 multo
618 2762 807 2831 sua-sponte
821 2756 862 2815 ad
876 2757 1043 2818 exercitmn
1060 2757 1152 2818 rediit

163 2846 194 2900 et
207 2839 249 2900 ibi
266 2855 329 2899 non
350 2840 462 2901 callida
482 2839 538 2902 sed
560 2839 692 2900 dementi
706 2841 826 2901 ratione
841 2841 974 2915 cogitata
996 2841 1150 2915 patelecil.
1255 2861 1256 2910 ς

163 2924 230 2984 Non
252 2922 332 2986 enim
349 2939 451 2984 mores
472 2923 589 2999 patrios
607 2924 723 2999 solum,
744 2924 801 2994 sed
821 2925 912 2984 etiam
928 2925 1041 2984 cultum
1055 2927 1152 2984 vesti-

130 3015 286 3082 atumque
307 3009 442 3068 mutavit.
463 3009 622 3083 apparatu
643 3008 727 3082 regio
746 3007 893 3082 utebatur,
909 3015 997 3068 vesta
1010 3007 1150 3078 Medicam
1255 3033 1256 3056 1

162 3092 309 3152 satellites
321 3091 403 3152 lliedi
419 3099 449 3152 et
462 3091 609 3170 Aegyptii
623 3091 846 3167 sequebantum
867 3090 1050 3168 epulabatur
1062 3109 1151 3154 more
1255 3105 1256 3150 l

160 3175 322 3237 Persarum
336 3176 533 3248 luxuriosius,
550 3191 643 3250 quam
659 3177 710 3250 qui
726 3175 854 3236 aderant
868 3177 987 3252 perpeti
1003 3183 1149 3252 possent;
1255 3247 1256 3254 ,

161 3259 277 3321 aditum
300 3259 473 3336 petentibus
499 3259 704 3319 conveniundi
728 3276 789 3320 non
811 3259 919 3330 dabam
948 3261 1082 3336 superbe
1101 3257 1149 3319 re'·

152 3343 345 3419 spondebat,
367 3341 530 3403 crudeliter
545 3342 721 3419 imperabat.
744 3343 883 3420 Spartam
899 3345 1000 3404 redire
1016 3343 1149 3404 nolebat.
1255 3345 1256 3356 ¹

120 3481 124 3488 .
162 3427 306 3508 colonas,
328 3427 379 3502 qul
396 3428 485 3488 locus
499 3428 530 3486 in
546 3443 620 3503 agro
632 3427 752 3487 Troade
767 3435 829 3504 est,
851 3442 887 3487 se
901 3429 1084 3489 contuleram
1105 3427 1150 3486 ibi
1209 3490 1213 3496 ,
1255 3411 1256 3436 ’

127 3511 292 3581 {consilia
312 3525 382 3572 curn
403 3512 521 3588 patriae
534 3517 597 3572 tum
613 3510 672 3572 sibi
693 3511 815 3572 inimica
832 3509 982 3585 capiebat.
1013 3510 1048 3571 ld
1061 3515 1149 3587 post·
