2534 4010
177 265 220 330 22
263 265 668 330 VI.LYSANDER.³.4.
692 261 1108 328 vlunaclulnultsr.

146 421 237 484 ilani
260 432 457 500 corrumpere
485 428 613 485 conatus
635 427 728 482 essct.
761 423 937 482 Accusatus
957 423 1018 484 hoa
1039 422 1170 483 crimine

175 506 371 584 iudicumque
384 507 544 569 absolutus
557 505 724 580 sententiis,
739 505 952 566 Orchomeniis
964 507 1080 568 missus
1092 508 1168 567 sub-

145 590 256 651 tsidio
273 592 395 652 occisus
411 598 458 651 est
472 607 491 652 a
504 589 657 651 Thebanis
672 590 755 665 apud
770 589 948 650 llalIartnm.
979 591 1077 665 Quam
1092 605 1168 650 vere

175 673 215 736 de
230 690 267 737 eo
283 677 362 736 lorct
377 676 557 749 iudicatum,
573 673 671 735 oratio
687 673 799 734 indicio
816 674 885 748 luit,
903 690 984 748 quae
999 682 1071 750 post
1084 691 1166 736 mor·

175 765 236 819 tem
256 761 286 819 in
303 760 394 820 domo
410 760 476 820 eius
492 766 613 834 reperta
628 765 691 832 cst,
712 758 743 816 in
759 753 820 834 qua
835 759 947 819 suadet
959 759 1167 820 Lacedaemo-

175 842 243 916 niis,
259 849 292 903 ut
306 844 390 917 regia
405 847 557 919 potestate
568 843 721 904 dissoluta
732 857 772 900 ex
783 841 925 903 omnibus
937 843 1002 903 dux
1014 843 1168 918 deligatur

176 927 216 987 ad
230 927 343 986 bellum
358 929 541 1002 gerendum,
564 926 621 986 sed
636 927 752 1002 scripta
767 932 799 985 ut
814 925 906 985 deurit
920 927 1078 992 videretur
1092 944 1166 988 con-

175 1025 285 1086 gruere
301 1011 485 1087 sententiae,
506 1027 598 1086 quam
613 1011 663 1070 ille
680 1025 715 1070 se
728 1009 900 1072 habiturum
915 1013 1048 1086 pecunia
1062 1011 1165 1071 fidens

174 1112 235 1157 non
262 1093 428 1157 dubitabat.
460 1097 546 1156 Hane
572 1096 599 1155 ei
621 1094 788 1170 scripsisse
814 1093 908 1154 Cleon
934 1095 1166 1156 Halicarnasius

174 1179 294 1239 dicitur.
1032 1231 1053 1242 ,.

122 1266 173 1326 'lv
258 1265 362 1339 Atque
377 1264 436 1326 hoc
452 1267 520 1326 loco
537 1281 598 1326 non
615 1271 663 1325 est
676 1259 934 1340 praetereundum
947 1266 1058 1328 lactum
1070 1267 1166 1328 Phar-

174 1347 291 1421 nabazi,
304 1349 437 1426 satrapis
449 1350 541 1425 regis.
558 1350 633 1409 Nam
645 1365 714 1409 aum
721 1349 885 1428 Lysander
895 1351 1072 1425 praefectus
1085 1355 1165 1413 clas·

174 1433 217 1494 sis
240 1432 271 1492 in
292 1433 372 1494 bello
395 1437 489 1495 multa
504 1435 669 1496 crudeliter
685 1447 839 1509 avareque
855 1435 983 1494 lecisset
997 1436 1101 1511 deque
1115 1435 1165 1496 his

172 1517 266 1577 rebus
289 1518 500 1594 suspicaretur
521 1521 561 1578 ad
582 1519 657 1578 civis
679 1533 755 1578 suos
771 1531 843 1578 esse
858 1521 1023 1594 perlatum,
1046 1520 1166 1596 petiita

172 1601 382 1676 Pharnabazo,
396 1607 431 1663 ut
445 1605 484 1664 ad
499 1596 635 1679 ephoros
648 1603 707 1662 sibi
719 1603 926 1663 testimonium
938 1603 1033 1679 daret,
1049 1609 1166 1680 quanta

153 1753 157 1758 ,
173 1687 333 1747 sanctitate
348 1687 461 1747 bellurn
476 1687 627 1762 gessisset
642 1686 809 1763 sociosque
826 1692 996 1763 tractasset,
1013 1689 1115 1764 deque
1127 1703 1166 1748 ea

172 1785 206 1830 re
222 1777 364 1842 accurate
380 1772 545 1842 seriberet;
568 1772 806 1846 magnam-enim
822 1771 888 1830 eius
906 1774 1116 1833 auctoritatem
1131 1773 1163 1832 in

146 1863 212 1917 tea
233 1871 267 1914 re
291 1856 432 1916 suturam.
466 1856 545 1916 Huic
572 1857 622 1916 ille
648 1856 812 1915 liberaliter
833 1856 1003 1930 pollicetur.
1039 1857 1164 1916 Librum

108 1930 121 1958 ²
172 1938 321 2013 grandem
336 1935 438 2000 verbis
455 1941 557 2001 multis
573 1939 767 2015 conscripsit,
784 1939 814 1998 in
828 1938 940 2014 quibus
953 1939 1080 2002 summis'
1092 1957 1164 2002 eum

60 2089 65 2112 Ι
174 2022 232 2081 lert
249 2022 402 2083 laudibus.
431 2022 526 2097 Quem
542 2041 611 2084 curn
625 2024 752 2098 legisset
767 2023 1011 2100 probassetque,
1033 2027 1107 2086 dum
1122 2026 1163 2087 si-

172 2112 298 2181 gnatur,
321 2108 448 2168 alterurn
471 2107 537 2184 pari
559 2107 783 2182 magnitudine,
805 2113 888 2168 tanta
902 2109 1114 2184 similitudine,
1130 2119 1165 2171 ut
1264 2143 1265 2192 t

173 2189 307 2251 discerni
321 2207 383 2251 non
398 2183 521 2268 posset,
538 2193 691 2266 signatum
707 2191 851 2264 subiecit,
868 2194 898 2254 in
915 2211 977 2268 qao
993 2194 1163 2254 accuratis-

141 2275 247 2336 asime
262 2274 329 2336 eius
344 2274 500 2336 avaritiam
513 2277 734 2360 perfidiamque
746 2283 916 2348 accusarat.
939 2277 1028 2339 Hunc
1041 2279 1162 2356 Lysan·
1264 2275 1265 2356 ]

172 2359 237 2432 der,
252 2359 376 2420 domurn
392 2363 616 2435 comedisset,
639 2368 804 2436 postquam
819 2360 858 2419 de
874 2361 939 2422 suis
954 2365 1048 2424 rebus
1063 2363 1162 2438 gestis
1264 2387 1265 2394 ¹

171 2442 255 2516 apud
275 2442 440 2503 maximum
464 2446 672 2520 magistratum
688 2459 767 2520 quae
779 2445 920 2504 uoluerat
934 2446 1061 2522 dixerat,
1077 2447 1162 2507 testi-

172 2525 265 2588 monii
289 2527 360 2588 loco
399 2525 520 2596 [librum
534 2525 888 2604 aPhamabazodatum]
907 2531 1038 2591 ¹tradidit.
1071 2531 1162 2591 llunc
1264 2547 1265 2554 ¹

172 2616 324 2672 summoto
335 2611 499 2689 Lysandro
511 2626 580 2672 oum
592 2611 700 2687 ephori
713 2617 910 2688 cognossent,
923 2613 984 2688 ipsi
994 2616 1159 2690 legendum

171 2693 330 2757 dederunt.
348 2697 397 2768 lta
412 2697 461 2756 ille
477 2696 655 2772 imprudens
670 2695 739 2772 ipse
755 2710 831 2758 suus
848 2696 905 2757 luit
918 2706 1091 2760 accusator.

556 2919 764 2930 ..αι-...ωα-

318 3201 326 3214 .
411 3128 489 3222 ut
533 3125 965 3282 aleramnus

140 3321 375 3440 istucmranss,
397 3365 511 3426 Cliniae
534 3367 629 3443 tillus,
651 3367 860 3430 Atheniensis.
887 3367 922 3429 ln
937 3370 998 3431 hoc
1013 3325 1087 3446 quid
1103 3383 1157 3430 na·
1264 3361 1265 3372 ’

169 3453 238 3508 tura
259 3447 383 3509 efficere
404 3451 506 3524 possit
528 3451 647 3512 ridetur
668 3461 805 3529 experta.
836 3453 962 3514 constat
981 3455 1061 3514 enim
1077 3455 1159 3516 inter

145 3619 152 3630 ,
171 3530 286 3606 omnm,
309 3533 362 3610 qui
377 3533 416 3594 de
430 3549 468 3595 eo
483 3535 649 3596 memoriae
663 3539 880 3613 prodiderunt,
902 3537 976 3602 nillil
990 3537 1042 3600 illo
1057 3537 1157 3598 luisse
