2556 3994
117 239 1005 326 xvirrruoemnsexvu.torstenus.aa.
1027 237 1064 301 m

79 392 188 452 lassus
204 391 346 456 concidit·
367 392 470 466 Atque
484 391 544 452 hoc
559 392 698 452 secunda
711 393 840 454 victoria
854 393 973 468 accidit.
994 395 1070 456 llam

79 476 140 536 iam
155 474 318 534 inclinatae
334 483 419 536 erant
432 481 633 552 tyrannorum
648 476 766 551 copiae.
790 476 855 551 Quo
871 479 951 538 lacto
964 489 1097 542 omnest

78 558 260 619 Thessaliae
275 557 412 634 civitates
427 558 619 622 interiectum
633 558 812 635 Pelopidam
828 562 951 623 coronis
968 563 1068 623 aureis

79 651 108 704 ct
122 643 234 702 statuis
249 642 354 702 aeneis
364 641 547 717 liberosque
562 643 629 704 eius
645 645 738 705 multo
754 661 829 720 agro
844 646 1004 708 donarunt.

476 833 676 846 *n*

222 1027 227 1044 ·
323 987 439 1118 xutr.
473 1021 864 1122 hausturus,

12 1219 14 1226 ’
78 1194 276 1303 haesimus,
301 1227 581 1300 Lacedaemonius,
606 1244 674 1294 cum
692 1245 715 1288 a
737 1229 848 1289 ceteris
873 1227 1101 1303 scriptoribusl

80 1322 141 1372 tum
165 1311 278 1374 eximie
293 1311 528 1386 allenophontc
551 1311 709 1374 Socratico
732 1313 924 1373 collaudatus
942 1320 999 1372 est.
1027 1309 1072 1370 Eo

79 1397 159 1456 enim
181 1411 259 1458 usus
280 1403 328 1456 est
347 1395 592 1456 familiarissime.
622 1397 679 1456 Hic
693 1396 824 1472 primum
839 1396 878 1455 de
891 1410 988 1470 regno
1005 1407 1101 1460 cuma

78 1479 286 1558 Leotychide,
314 1478 416 1539 fratris
440 1479 518 1554 lilio,
540 1478 646 1540 habuit
666 1481 900 1542 contentionem.
933 1479 1003 1540 Mos
1027 1487 1073 1538 est

79 1565 159 1624 enim
177 1563 378 1624 amaioribus
399 1563 653 1624 Lacedaemoniis
673 1563 803 1626 traditus
826 1570 859 1624 ut
879 1564 959 1624 duos
979 1563 1073 1622 habe·

78 1656 147 1708 rent
161 1663 287 1721 semper
301 1662 392 1721 reges
408 1647 530 1714 nomine
542 1648 639 1722 magis
654 1664 745 1723 quam
758 1648 887 1723 imperio
901 1663 940 1706 ex
952 1645 1073 1728 duabus

79 1732 201 1792 larniliis
217 1731 315 1791 Procli
337 1738 366 1791 et
380 1729 602 1807 Eurysthenis,
625 1733 677 1807 qui
699 1731 855 1806 principes
871 1745 911 1790 ex
927 1729 1074 1805 progenie

78 1815 221 1876 Herculis
237 1813 367 1889 Spartae
384 1829 475 1888 reges
491 1816 623 1874 luerunt.
659 1816 776 1875 Horum
791 1831 831 1874 ex
846 1815 941 1874 altera
955 1814 985 1872 in
1001 1815 1102 1884 alte-3

77 1900 141 1962 rius
164 1899 298 1958 familiae
318 1901 420 1958 locum
441 1898 508 1958 fieri
530 1915 590 1958 nou
614 1897 735 1958 licebat.
771 1899 818 1957 lta
831 1903 965 1974 utraque
985 1911 1075 1958 suum

78 1983 231 2046 retinebat
245 1983 394 2042 ordinem.
423 1982 556 2042 Primum
571 1983 648 2043 ratio
664 1982 838 2044 habebatur
853 1983 906 2057 qui
921 1982 1073 2043 maximus

78 2076 152 2130 natu
167 2073 253 2126 esset
270 2081 310 2126 ex
323 2066 427 2126 liberis
443 2067 510 2127 eius
526 2067 579 2142 qui
594 2083 728 2142 regnans
745 2067 945 2128 decessisset.
977 2065 1031 2126 Sin
1046 2064 1073 2124 is

77 2152 197 2212 virilem
219 2165 328 2211 sexum
349 2166 410 2211 non
432 2150 624 2226 reliquisset,
647 2159 711 2211 tum
727 2151 919 2224 deligebatur
935 2148 987 2224 qui
1002 2165 1074 2223 pro·

77 2236 179 2296 ruinius
196 2242 281 2294 esset
294 2235 533 2311 propinquitate.
568 2235 709 2294 Mortuus
725 2241 793 2292 erat
807 2233 884 2306 Agis
899 2247 964 2306 rex,
980 2231 1103 2306 trater4

77 2317 227 2394 Agesilai.
248 2317 357 2380 Filium
371 2319 537 2394 reliquerat
550 2316 782 2395 Leotychidem,
799 2331 891 2392 quem
905 2316 956 2376 ille
968 2321 1073 2376 natum

79 2419 139 2462 non
162 2408 306 2477 agnorat,
328 2403 460 2462 etrndern
478 2402 612 2462 moriens
632 2416 723 2461 suum
738 2415 811 2462 esse
826 2400 955 2461 dixerat.
989 2401 1019 2460 Is
1035 2400 1075 2461 de

78 2485 196 2546 honore
211 2487 297 2560 regni
313 2502 383 2546 eum
397 2485 559 2562 Agesilao,
582 2493 693 2562 patruo
709 2499 777 2560 suo,
791 2483 954 2560 contendit,
971 2498 1073 2560 neque

79 2569 109 2630 d
121 2570 207 2644 quod
219 2570 325 2644 petivit
337 2577 521 2632 consecutus
534 2577 591 2631 est.
611 2570 688 2630 Nam
698 2569 863 2646 Lysandro
877 2569 1074 2643 suffragante,
1086 2583 1102 2636 5

78 2653 216 2728 bomine,
238 2661 271 2714 ut
286 2655 476 2714 ostendimus
492 2671 604 2730 supra,
627 2653 758 2714 factioso
771 2661 806 2714 et
820 2653 868 2714 his
884 2651 1074 2726 temporibus

79 2743 215 2812 potente,
233 2737 566 2813 Agesilausfantelatus
582 2745 638 2798 est.

161 2820 218 2880 Hic
241 2821 424 2898 simulatque
444 2821 563 2897 imperii
586 2821 702 2896 potitus
719 2827 782 2893 est,
805 2819 965 2894 persuasit
978 2819 1072 2880 Lace·
1085 2818 1111 2878 Il

79 2905 250 2965 daemoniis
265 2912 299 2965 ut
313 2905 466 2965 exercitus
478 2905 651 2965 emitterent
661 2905 692 2963 in
704 2904 811 2963 Asiam
822 2903 999 2979 bellumque
1011 2903 1075 2978 regi

79 2991 217 3049 lacerent
232 2989 349 3048 docens
366 2989 462 3049 satius
480 3003 551 3048 esse
566 2989 596 3047 iu
608 2988 686 3048 Asia
702 3003 795 3062 quam
806 2987 837 3046 in
848 2986 975 3064 Europa
988 2988 1074 3047 dimi-

80 3073 155 3132 cari.
175 3072 314 3147 Namque
329 3075 411 3133 lama
425 3072 543 3132 exierat
555 3073 749 3132 Artaxerxen
765 3085 949 3146 comparare
965 3071 1075 3132 classis

79 3155 301 3231 pedestrisque
323 3155 477 3218 exercitus
501 3172 580 3232 quos
605 3155 636 3215 in
653 3149 813 3215 Graeciam
826 3155 966 3216 mitteret.
999 3155 1104 3216 llatae

80 3245 235 3314 potestate
253 3247 336 3302 tanta
358 3241 512 3300 celeritate
528 3254 606 3300 usus
622 3245 718 3298 estut
734 3238 820 3314 prius
835 3239 866 3298 in
881 3239 990 3299 Asiam
1007 3253 1076 3312 cum

80 3322 181 3398 copiis
207 3324 381 3398 pervenerit
402 3339 492 3399 quam
513 3323 588 3398 regii
610 3328 753 3397 satrapae
775 3339 845 3383 eum
866 3323 981 3382 scirent
1002 3336 1074 3396 pro-

80 3409 204 3469 iectum.
235 3407 300 3480 Quo
319 3409 432 3468 iactum
449 3414 497 3466 est
509 3413 543 3466 ut
558 3405 657 3466 omnis
672 3407 841 3480 imparatos
853 3404 1074 3480 imprudentis-

82 3507 143 3567 que
169 3490 350 3552 ollendcret.
383 3491 416 3551 ld
437 3497 471 3552 ut
492 3491 637 3564 cognovit
655 3489 895 3566 Tissaphernes,
918 3489 970 3564 qui
993 3495 1106 3552 sum-³
