2556 3994
333 199 335 204 ’
356 237 461 301 xxm.
481 239 734 319 nauarent.
757 247 783 301 a.
799 249 826 302 5.
840 247 867 304 a.
1085 239 1128 306 es

87 397 312 468 occupantem.
345 392 424 452 ilinc
443 392 475 452 in
496 390 640 464 Apuliam
657 390 805 466 pervenit.
845 391 892 451 lbi
912 391 1035 452 obviam
1056 394 1115 456 eit

90 476 316 538 veneruntduo
327 475 481 549 consides,
495 474 529 535 G.
537 474 696 534 Terentius
709 474 778 534 etL.
786 474 945 536 Aemilius.
966 475 1085 538 Utrius-

90 575 156 638 que
172 559 328 632 exercitns
342 574 405 620 uno
419 559 538 634 proelio
550 558 675 632 lugaria,
690 558 817 618 Paulum
832 560 991 620 consulem
1006 560 1087 622 occi·

91 647 140 706 dit
160 650 194 704 et
213 643 331 716 aliquot
349 649 511 719 praeterea
530 642 717 714 consularis,
737 642 768 700 in
788 641 836 704 his
852 642 909 703 Gn.
924 641 1086 704 Servilium

92 727 267 801 Geminam,
291 728 344 803 qai
359 726 521 801 superiore
536 741 616 786 anno
630 726 730 786 tuerat
745 726 863 786 consul.

179 811 247 870 Hac
261 827 368 886 pugna
380 815 516 886 pugnata
529 810 659 884 Romam
672 809 831 884 proiectus
846 817 894 884 est
908 811 992 871 nullo
1007 811 1084 871 resi·
1098 819 1128 879 v

93 901 208 957 stante.
241 894 277 953 In
298 893 482 970 propinquis
497 893 583 955 urbis
598 893 751 954 montibus
767 900 903 954 moratus
924 899 980 955 est.
1011 895 1085 955 Cum

92 979 215 1055 aliquot
232 977 275 1036 ibi
291 979 358 1038 dies
378 985 482 1038 castra
495 977 657 1037 habuisset
669 983 700 1036 ct
719 984 924 1039 reverteretur
940 979 1084 1054 Capuam

93 1063 128 1137 Q.
148 1061 264 1122 Fabius
279 1061 450 1133 Maximus,
474 1061 603 1122 dictator
615 1060 790 1134 Romanus,
812 1061 842 1120 in
865 1077 940 1136 agro
953 1061 1084 1123 Falerno
1131 1071 1133 1076 “

94 1147 133 1230 ei
144 1161 183 1207 se
203 1145 326 1212 obiecit.
360 1146 417 1204 Hic
432 1147 556 1205 clausus
575 1146 715 1205 locorum
736 1145 885 1219 angustiis
907 1148 1002 1207 noctu
1018 1147 1114 1218 sinen

91 1232 157 1290 ullo
171 1229 353 1289 detrimento
366 1230 520 1289 exercitus
533 1243 569 1288 se
582 1227 746 1304 expedivit
761 1227 866 1304 Fabio,
886 1229 1084 1292 callidissimo

91 1313 281 1390 inperatori,
298 1313 382 1374 dedit
396 1312 500 1372 verba.
509 1326 513 1338 ³
522 1313 661 1387 Namque
675 1312 809 1373 obducta
824 1317 915 1374 nocte
930 1321 1086 1375 sarmenta

91 1399 124 1458 in
144 1397 293 1458 cornibus
307 1397 508 1456 iuvencorum
522 1395 655 1470 deligata
668 1395 804 1456 incendit
817 1397 948 1472 eiusque
962 1399 1084 1472 generis

92 1479 319 1543 multitudinem
334 1495 474 1554 magnam
486 1480 670 1554 dispalatam
684 1479 817 1540 immisit
843 1480 908 1554 Quo
922 1482 1084 1557 repentino
1141 1475 1144 1480 ’

93 1566 217 1626 obiecto
230 1565 304 1623 nisu
316 1571 432 1624 tanturn
442 1570 592 1624 terrorem
606 1562 709 1624 iniecit
723 1563 1085 1626 exercituiRomanorum

92 1656 128 1710 ut
149 1648 255 1723 egredi
278 1654 365 1708 extra
385 1648 498 1708 vallum
518 1662 607 1708 nemo
628 1648 669 1708 sit
688 1662 794 1714 ausus.
828 1648 915 1708 Hanc
929 1656 1003 1722 post
1020 1659 1115 1714 rema
1142 1651 1148 1664 *

93 1739 214 1808 gestam
228 1747 290 1807 non
305 1731 347 1791 ita
360 1733 463 1792 multis
481 1731 590 1792 dlehus
604 1731 644 1804 Μ,
659 1731 826 1792 Minucium
839 1732 968 1805 Rulurn,
990 1734 1084 1808 magi-
1100 1747 1104 1754 ’

94 1823 192 1877 strum
204 1816 341 1890 equilum
349 1815 416 1890 pari
428 1831 464 1875 ac
475 1815 654 1894 dictatorem
665 1814 803 1889 imperio,
816 1814 888 1874 dolo
898 1816 1085 1890 productum

5 1913 6 1916 ’
94 1901 125 1959 in
148 1900 299 1974 proelium
320 1899 446 1974 iugavit.
485 1899 638 1958 Tiberium
663 1897 878 1972 Sempronium
904 1898 1084 1976 Gracchum,

94 1983 205 2043 iterum
220 1979 396 2058 consulem,
415 1983 446 2042 in
459 1981 593 2043 Lucanis
609 1982 723 2042 absens
737 1981 768 2040 in
784 1982 913 2043 insidias
927 1983 1086 2046 inductum

78 2067 229 2127 sustulit.
269 2065 310 2129 M.
333 2067 491 2127 claudium
511 2064 704 2139 Marcellum,
728 2066 893 2142 quinquies
916 2070 1084 2142 consulem,

95 2150 356 2226 apuchnusiam
371 2150 546 2225 parimodo
560 2151 721 2213 interiecit.
742 2151 883 2224 Longum
897 2156 946 2210 est
960 2159 1113 2214 enumet

94 2249 165 2294 rare
186 2235 313 2308 proelia.
351 2233 451 2307 Quare
472 2235 532 2294 hoc
551 2250 646 2294 unum
661 2235 742 2294 satis.
757 2233 816 2292 erit
830 2233 944 2293 dictum
965 2250 1006 2292 ex
1022 2251 1083 2309 quo

66 2385 67 2392 ,
96 2319 229 2392 intellegi
244 2318 346 2391 possit
360 2324 493 2392 quantus
515 2318 565 2376 ille
579 2317 686 2377 merite
709 2317 856 2392 quamdiu
875 2317 906 2376 ia
919 2316 1006 2392 Italia
1020 2318 1090 2392 luit,

97 2417 186 2462 nemo
203 2401 231 2460 ei
248 2401 361 2461 in'acie
375 2400 493 2472 restitit,
509 2417 600 2484 nemo
615 2401 767 2462 adversus
782 2415 853 2461 eum
868 2401 1084 2477 postcannen-

5 2543 6 2582 ἢ
97 2501 162 2546 sem
177 2500 311 2561 pugnam
326 2484 356 2544 in
371 2500 482 2564 campo
498 2491 600 2546 castra
613 2485 728 2561 posuit.

181 2569 237 2628 Hic
252 2569 384 2630 invictus
396 2569 526 2644 patriam
537 2565 700 2630 delensum
712 2578 876 2632 revocatus
888 2571 1001 2631 bellum
1013 2569 1127 2644 ges-Vl
1185 2606 1188 2612 ·

96 2653 137 2714 sit
162 2653 314 2714 adversus
338 2653 373 2712 P.
396 2653 573 2729 Scipionem
599 2651 715 2727 *****,
744 2671 836 2730 quern
860 2655 929 2728 ipse
953 2653 1111 2726 primunr-

52 2815 56 2820 ·
97 2738 180 2812 apud
199 2735 399 2813 Rhodanum,
421 2738 531 2798 iterum
553 2738 636 2812 apud
651 2736 782 2812 Padum,
805 2738 893 2798 tertio
916 2736 1000 2810 apud
1013 2735 1085 2796 Tre

97 2821 178 2880 biam
192 2821 321 2896 iugarat.
348 2821 422 2881 Cum
435 2821 496 2882 hoc
511 2821 670 2882 exhaustis
685 2820 746 2880 iam
760 2821 877 2896 patriae
891 2818 1114 2880 secutatibnst

98 2905 212 2979 cupivit
225 2904 510 2980 impraesentiarum
523 2904 636 2964 bellurn
651 2919 847 2979 componere,
862 2921 924 2980 quo
937 2903 1086 2966 valentior

97 2994 208 3064 postea
223 2988 471 3062 congrederetur.
500 2989 534 3046 In
550 2987 739 3062 colloquium
754 2989 906 3062 convenit,
930 2989 1085 3049 condicio·

98 3087 153 3132 nes
168 3087 230 3131 non
246 3079 466 3133 convenerunt.
490 3071 566 3132 Post
580 3071 612 3130 id
626 3071 739 3130 laetum
753 3072 862 3148 paucis
877 3072 988 3132 diebus
1004 3072 1114 3146 npuda

96 3155 220 3214 Zarnnm
242 3170 311 3214 omn
332 3155 443 3216 eodem
463 3154 610 3216 conflixit.
645 3153 758 3215 Pulsus
780 3154 974 3230 (incredibile
989 3154 1086 3224 dictu)

97 3238 238 3301 biduoet
252 3239 372 3300 duabus
387 3239 528 3300 noctibus
535 3239 756 3301 Hadrumetum
770 3238 920 3316 pervenit
936 3237 1022 3313 quod
1033 3236 1085 3296 ab·

97 3329 146 3382 est
159 3323 198 3382 ab
208 3323 304 3382 Zama
318 3323 438 3382 circiter
450 3323 536 3382 'milia
549 3337 699 3396 passuum
714 3331 860 3385 trecenta.
890 3323 924 3382 In
940 3323 998 3380 hac
1013 3321 1111 3394 lugat

96 3405 246 3466 Numidae
268 3406 321 3482 qui
343 3407 432 3468 simul
448 3422 518 3466 curn
538 3421 576 3467 eo
592 3404 631 3464 ex
646 3408 712 3466 acle
733 3412 935 3470 excesserant
953 3404 1085 3464 insidiati

98 3499 169 3551 sunt
186 3491 224 3550 ei.
260 3488 345 3563 Quos
359 3505 422 3550 non
437 3491 538 3552 solum
553 3488 661 3566 effugit
674 3490 732 3551 sed
745 3493 837 3554 edam
851 3492 939 3566 ipsos
955 3503 1084 3564 oppres-
