2534 4010
131 251 138 264 ’
207 285 254 354 at
539 283 771 348 mennon.
790 293 861 348 ne

208 439 429 513 admittam
449 439 535 515 qued
552 439 651 500 mmm
670 438 785 498 bellum
797 437 957 496 imuduere
970 435 1198 502 calcabantur

209 539 301 602 qmm
320 521 349 584 sl
366 535 436 582 mm
455 521 589 582 barbaro
611 523 713 582 aolmu
731 522 962 582 contenderent
991 520 1069 582 liam
1082 521 1199 583 ducem

208 607 318 668 ionem
331 605 512 683 prodentem
530 605 613 683 repis
626 603 739 681 opibus
753 605 962 680 praesumtum
973 619 1013 665 ac
1025 617 1134 666 mum
1147 607 1198 666 di-

207 689 388 751 micattnmu
406 688 568 764 videbant,
591 703 684 766 quem
703 703 805 764 neque
825 688 956 748 oonsilio
970 703 1071 764 neque
1092 690 1197 766 copiis

179 785 356 850 asaperane
375 779 515 848 possent
547 773 614 832 liae
633 779 736 832 nte
755 787 897 846 mquam
913 772 1096 836 contrabant
1112 773 1196 834 elas-
1262 815 1263 836 2

207 871 284 930 sem,
299 855 536 932 proficiscuntur
546 855 697 916 Pisandro
710 856 800 914 duce.
820 853 888 915 llos
902 854 1010 916 conon
1024 856 1109 932 apud
1122 856 1195 916 cni·
1262 851 1263 876 ¹

207 939 281 1001 dum
300 936 428 999 adortus
456 953 569 1014 unguo
590 939 709 1015 proelio
730 937 831 1013 lugat,
855 939 966 998 multas
987 939 1077 1000 nanis
1099 942 1193 1015 capit,

207 1023 382 1100 complures
409 1022 561 1098 deprimit
597 1022 665 1096 pun
689 1021 821 1082 adona
839 1037 903 1083 uon
930 1022 1032 1085 solum
1049 1023 1194 1084 Athenae

208 1107 267 1167 sed
287 1107 378 1166 etiam
399 1103 510 1165 ouda
529 1105 667 1180 Graecia,
688 1120 768 1180 quae
794 1104 853 1164 sub
874 1105 1192 1167 Lacedaemoniorum

176 1190 308 1251 elamat
320 1189 462 1264 imperto,
483 1189 612 1249 liberata
624 1195 682 1248 est
710 1188 818 1248 conon
837 1203 907 1248 cum
921 1195 1008 1264 parte
1021 1189 1148 1250 uarium
1161 1192 1193 1250 iu

206 1273 337 1349 paulam
359 1273 456 1348 veuit,
481 1286 587 1334 muros
608 1273 727 1332 dirutos
747 1285 768 1331 a
792 1270 956 1349 Lysandro
974 1279 1141 1348 utrosque,
1163 1281 1194 1336 et

205 1356 323 1416 Piraeei
334 1355 567 1427 eththeuaram,
578 1355 764 1416 reficiendos
777 1363 864 1414 curat
875 1355 1088 1432 pecuniaeque
1101 1357 1193 1432 qutu-

208 1440 355 1517 quaginta
367 1441 496 1513 talenta,
520 1453 600 1516 quae
619 1456 640 1498 a
652 1437 850 1498 Pharnabazo
870 1446 1049 1514 acceperat,
1070 1439 1192 1501 civibus
1247 1455 1264 1520 ,g

207 1523 273 1584 suia
284 1523 388 1582 donat.
754 1573 760 1584 .
1263 1521 1264 1526 ’

163 1612 194 1671 V
247 1605 371 1666 Accidit
383 1605 455 1666 hale
468 1605 553 1682 quod
564 1605 675 1666 onmis
685 1604 873 1676 mortalibus,
887 1613 922 1665 ut
934 1606 1193 1668 inconsideratior

204 1693 236 1754 lu
251 1690 390 1751 secanda
410 1703 503 1764 mam
521 1690 553 1749 iu
573 1691 708 1750 adversa
727 1695 813 1749 esset
831 1689 962 1748 lonuua
996 1689 1073 1750 liam
1088 1692 1192 1752 classe

205 1771 501 1850 Peloponuesiorum
521 1773 644 1834 deviem
661 1787 731 1832 cum
749 1773 846 1833 ultum
867 1787 903 1832 se
926 1772 1052 1834 iniurias
1072 1767 1194 1849 patriae

177 1869 195 1922 t
207 1863 341 1934 putaret,
363 1857 453 1932 ptura
478 1857 655 1932 concupivit
677 1868 770 1931 quam
790 1855 916 1916 ellicere
941 1857 1049 1932 potnit.
1082 1858 1192 1933 Neque

205 1948 307 2002 amen
320 1955 359 2000 ea
369 1955 431 1999 non
443 1939 495 2015 pia
505 1948 537 2000 et
546 1940 708 2016 probanda
717 1940 846 2014 inerunt,
861 1940 946 2017 quod
956 1942 1060 2016 potios
1071 1944 1192 2017 patriae
1264 2007 1265 2036 ¹

207 2037 284 2100 opes
299 2023 404 2097 augeri
416 2037 508 2098 quum
521 2024 604 2098 regis
618 2023 731 2083 munit
754 2023 829 2082 liam
844 2037 913 2084 curn
927 2039 1069 2100 magum
1082 2034 1191 2088 auoto-
1264 2039 1265 2092 t

204 2106 324 2168 ritatem
338 2105 397 2166 sibi
411 2121 515 2181 pugna
529 2107 582 2166 illa
594 2107 706 2182 navali,
722 2121 815 2181 quam
824 2107 909 2183 apud
919 2107 1047 2168 Cnidum
1062 2110 1189 2182 iecerat,
1264 2119 1265 2132 ¹

206 2190 416 2254 constituisset
434 2205 496 2252 uon
517 2191 618 2252 solum
637 2191 716 2250 inter
734 2189 884 2251 barbaros
904 2193 960 2252 sed
979 2193 1072 2253 etiam
1087 2195 1190 2255 omnis

207 2276 354 2338 Graeciae
368 2274 516 2350 civiates,
536 2276 615 2335 olam
629 2275 705 2335 dare
719 2289 846 2350 operam
860 2275 964 2350 coepit
976 2283 1010 2335 ut
1027 2277 1145 2337 Ioniam
1160 2285 1191 2338 et
1264 2347 1265 2358 ἵ

176 2359 344 2428 alentiam
357 2359 528 2429 resumeret
539 2359 790 2419 Atheniensibus.
811 2358 846 2418 ld
861 2373 930 2420 curu
944 2359 1045 2420 minus
1060 2361 1189 2436 diligen-

203 2448 252 2502 ter
264 2447 349 2503 esset
363 2442 501 2515 celatum,
515 2442 682 2519 Tiribaaus²
698 2442 750 2520 qui
762 2439 910 2502 Sardibus
922 2449 1071 2518 praeerat,
1088 2443 1190 2506 Cone

204 2539 275 2586 nent
293 2525 434 2585 evocavit
459 2524 608 2586 spumans
628 2527 670 2586 ad
693 2539 799 2602 regem
820 2541 890 2588 eum
915 2543 952 2586 se
970 2528 1088 2588 mittere
1107 2529 1190 2590 velle

204 2625 315 2686 magna
327 2609 419 2670 dere.
441 2608 538 2670 Huius
553 2611 657 2670 nuntio
672 2625 785 2686 pareus
798 2623 865 2670 cum
880 2607 1025 2684 uenisset,
1041 2611 1072 2671 iu
1086 2611 1190 2672 vincla

174 2693 360 2762 tconiectus
375 2699 433 2755 est.
463 2693 497 2752 In
517 2692 629 2769 quibus
651 2689 838 2770 aliquamdiu
858 2695 923 2754 luit,
953 2695 1029 2754 Inde
1049 2697 1190 2758 nonnulli

203 2791 273 2839 eum
288 2779 329 2837 ad
343 2791 446 2853 regem
460 2776 625 2839 abductum
639 2779 743 2853 ibique
753 2791 823 2836 eum
836 2777 968 2853 periisse
981 2779 1129 2855 seriptum
1140 2795 1189 2840 re·

202 2861 364 2936 liquenmt„
400 2861 511 2922 contra
525 2877 563 2922 ea
576 2863 676 2922 Itlnon
690 2860 863 2936 historicus,
886 2855 936 2922 cui
950 2875 1009 2922 nos
1023 2863 1188 2939 plurimum

203 2943 245 3006 de
257 2943 389 3005 Persicis
403 2943 497 3006 rebus
512 2943 675 3020 eredimus,
686 2944 836 3021 effugisse
851 2945 983 3022 scripsit,
999 2946 1075 3006 illud
1089 2947 1187 3010 adda·

202 3027 280 3090 bltal
291 3033 391 3090 utrtuu
404 3028 542 3090 Tiribazo
558 3030 675 3090 sciente
688 3043 726 3090 au
737 3028 931 3105 imprudente
945 3029 986 3090 sit
998 3030 1123 3092 tactam.

530 3271 809 3286 mnu„
