2534 4010
162 205 208 282 ἥ
285 237 288 244 =
420 207 487 266 Vll.
508 205 809 274 ALCIBIADES.
831 213 900 268 Μ.

169 367 218 422 est
227 359 368 434 iniectus,
381 375 421 420 ne
433 375 497 434 qua
505 358 668 434 repentina
677 359 726 420 vis
735 358 768 420 in
780 358 902 422 civitate
913 359 1070 434 existeret,
1078 375 1165 436 quae

141 445 337 505 alibertatem
359 444 546 518 opprimeret
567 441 685 518 populi.
716 441 784 504 Hoc
799 441 932 503 maxime
947 443 1117 504 convenire
1132 443 1165 503 in

166 528 358 590 Alcibiadem
378 527 556 600 videbatur,
579 527 664 600 quod
686 533 717 586 et
737 526 894 600 potentior
911 533 941 588 et
955 527 1052 588 maior
1068 543 1164 602 quam

169 613 306 686 privatus
322 610 562 670 existimabatur.
590 608 704 681 Multos
721 606 802 670 enim
815 609 996 672 liberalitate
1011 611 1164 678 devinxe-

139 703 229 768 arat,
250 697 356 770 plures
376 693 466 753 etiam
488 709 584 768 opera
604 693 721 756 lorensi
741 709 817 754 suos
837 693 1023 771 reddiderat.
1059 693 1164 770 Quare

169 779 270 852 siebat,
284 785 318 836 ut
328 777 464 836 omnium
476 779 585 840 oculos
598 777 866 854 quotienscunque
877 777 908 834 in
920 779 1077 852 publicum
1089 795 1163 852 pro-

169 862 267 923 disset
280 861 320 920 ad
336 877 371 922 se
385 868 579 934 converteret
593 877 694 936 neque
710 862 738 920 ci
753 877 808 936 par
820 861 983 938 quisquam
995 862 1025 920 in
1039 861 1164 922 civitate

168 952 341 1021 poneretur.
369 945 477 1020 Itaque
498 962 561 1006 non
577 948 678 1006 solum
693 961 780 1018 spem
797 945 826 1010 in
842 960 880 1004 eo
895 944 1052 1006 habebant
1064 947 1164 1008 maxi·

168 1045 249 1100 mam
273 1030 330 1088 sed
355 1031 446 1090 etiam
471 1031 626 1104 timorem,
653 1029 738 1104 quod
759 1036 791 1088 ct
811 1029 924 1090 obesse
945 1029 1112 1104 plurimum
1133 1036 1165 1090 et

139 1114 322 1188 oprodesse
342 1120 473 1188 poterat
508 1113 742 1188 Aspergebatur
763 1113 853 1175 etiam
867 1113 1007 1188 iufamia,
1029 1113 1162 1188 quadiu

170 1199 262 1256 domo
273 1212 332 1258 sua
342 1199 445 1256 iacere
455 1197 604 1274 mysteria
615 1197 783 1270 dicebatur,
799 1197 883 1272 quod
898 1197 984 1256 nefas
998 1204 1163 1258 eratmore

168 1280 416 1356 Atheniensium,
437 1281 533 1356 idque
552 1297 615 1340 non
637 1281 678 1340 ad
696 1281 876 1355 religionem
889 1281 948 1340 sed
963 1279 1002 1339 ad
1020 1282 1163 1344 coniura-

116 1361 120 1367 ’
167 1363 280 1424 tionem
295 1366 449 1438 pertinere
464 1365 705 1427 existimabatur.

127 1449 169 1507 lv
254 1449 323 1507 Hoc
346 1449 470 1508 crinainc
490 1449 520 1507 in
543 1448 688 1509 concione
707 1448 745 1506 ab
763 1447 892 1506 inimicis
908 1449 1161 1524 compellabatur.

168 1530 232 1592 Sed
252 1532 385 1592 instabat
405 1538 528 1606 ternpus
550 1533 588 1592 ad
604 1533 718 1600 bellum
738 1532 967 1606 proficiscendi.
1000 1533 1035 1592 Id
1050 1533 1101 1592 ille
1116 1535 1161 1592 in·

168 1622 256 1676 tuens
277 1631 379 1690 neque
399 1618 545 1690 ignorans
568 1616 677 1675 civium
690 1632 819 1676 suorum
835 1616 1091 1680 consuetudinem
1104 1633 1161 1692 po·

168 1701 315 1775 stulabat‚
336 1701 362 1760 si
385 1699 459 1776 quid
480 1702 519 1762 de
539 1715 575 1762 se
596 1701 644 1774 agi
666 1701 794 1774 vellent,
816 1696 919 1774 potius
941 1701 980 1760 de
995 1701 1162 1778 praesente

170 1784 311 1858 quaestio
332 1785 498 1846 haberetur
519 1801 612 1860 quam
632 1785 747 1844 absens
768 1784 1048 1846 invidiae-crimine
1069 1801 1161 1846 accu-

123 1876 158 1926 sa
170 1875 298 1926 saretur.
320 1869 436 1928 Inimici
452 1884 524 1930 vcro
541 1870 608 1928 eius
624 1868 847 1944 quiescendum
859 1869 889 1928 in
902 1869 1069 1944 praesenti,
1087 1870 1162 1946 quia

145 1991 149 1996 -
165 1951 271 2010 noceri
286 1968 347 2013 non
364 1967 460 2026 posse
474 1951 697 2026 intellegebant,
712 1958 743 2014 et
756 1952 832 2012 illud
842 1958 963 2028 tempus
976 1961 1161 2027 exspectan·

169 2035 242 2097 dum
254 2035 465 2110 decreverunt,
481 2052 543 2110 quo
556 2035 681 2109 exisset,
694 2042 727 2096 ut
738 2037 897 2097 absentem
908 2036 1162 2110 aggrederentum

140 2118 272 2200 citaque
292 2119 439 2180 iecerunt
466 2119 542 2180 Nam
564 2127 727 2194 postquam
749 2119 780 2178 in
803 2117 937 2180 Siciliam
958 2136 1028 2182 eum
1050 2136 1160 2196 perre-

168 2203 254 2262 nisse
269 2203 479 2277 crediderunt,
495 2205 669 2277 absentem,
686 2203 771 2278 quod
785 2219 877 2263 sacra
891 2204 1055 2277 violasset,
1071 2221 1160 2264 reum

168 2287 316 2350 lecerunt
346 2287 411 2360 Qua
433 2289 472 2348 de
492 2303 526 2346 re
541 2303 609 2348 cum
625 2287 653 2347 ei
669 2287 794 2348 nuntius
808 2303 829 2348 a
842 2289 1022 2362 magistratu
1035 2289 1066 2348 in
1083 2287 1158 2350 Sici

168 2370 238 2428 liam
253 2371 369 2430 missus
381 2377 474 2445 esset,
489 2376 523 2432 ut
534 2372 659 2434 domum
670 2371 710 2432 ad
723 2387 848 2448 causam
862 2372 1025 2432 dicendam
1035 2373 1159 2446 redireq

168 2458 315 2527 essetque
335 2455 365 2512 in
387 2470 499 2530 magna
519 2471 576 2529 spe
596 2455 774 2530 provinciae
794 2457 874 2516 bene
888 2456 1159 2530 administrandae,

166 2553 229 2598 non
243 2553 354 2612 parere
368 2538 466 2600 noluit
482 2546 513 2612 et
525 2539 556 2598 in
570 2539 708 2612 trierem,
731 2555 812 2614 quae
826 2539 866 2600 ad
880 2555 950 2600 euna
965 2546 1031 2599 erat
1045 2539 1157 2614 depor-

141 2622 293 2682 itandum
306 2622 412 2697 missa,
427 2623 575 2683 aseendit.
597 2623 663 2682 Hac
673 2623 804 2684 Thurios
816 2623 846 2681 in
858 2623 973 2683 Italiam
984 2633 1158 2698 peruectus,

147 2709 388 2774 ¹nnrlla'secum
409 2715 557 2784 reputans
580 2707 620 2766 de
640 2707 844 2770 immoderata
856 2706 967 2770 civium
982 2722 1110 2768 suorum
1123 2707 1157 2765 li-

170 2791 269 2852 centia
289 2791 530 2874 crudelitateque
549 2806 624 2865 erga
644 2791 774 2864 nobilis,
793 2791 987 2853 utilissimum
1004 2783 1090 2852 ratus
1104 2791 1156 2850 im·

169 2875 354 2950 pendentem
380 2875 495 2940 evitare
521 2881 735 2950 tempestatem
760 2873 838 2937 eiam
857 2890 895 2937 se
914 2875 954 2939 ab
975 2875 1158 2948 custodibus
1260 2905 1261 2908 ¹

141 2968 159 3026 p
170 2956 318 3019 subduxit
331 2966 361 3018 et
373 2959 446 3020 inde
459 2960 588 3033 primum
598 2957 727 3032 Elidem,
742 2959 814 3021 dein
825 2956 945 3021 tieem
958 2958 1050 3020 venit.
1073 2957 1156 3020 Post·
1245 2995 1261 3023 ,κ

137 3037 260 3116 'mmm
276 3048 427 3106 ontemse
443 3044 551 3119 eapitis
567 3043 743 3106 dmanatum
756 3042 848 3106 bonis
863 3042 1158 3116 publicadsaudim
1260 3053 1261 3112 t

169 3131 207 3197 et,
223 3125 253 3186 id
270 3126 355 3203 quod
369 3143 430 3188 usu
443 3133 580 3202 venerat,
594 3125 796 3201 Eumolpidas
811 3127 992 3194 sacerdotes
1006 3143 1026 3189 a
1041 3127 1157 3202 populo

169 3216 296 3272 coactos
311 3217 345 3274 ut
358 3225 394 3272 se
408 3209 599 3276 devoverent
611 3211 742 3286 eiusque
756 3210 931 3276 devotionis
947 3226 1010 3285 qim
1020 3210 1159 3275 testatior

143 3328 150 3353 f
168 3302 254 3359 essct
267 3296 414 3354 memoria
428 3297 603 3372 etempluua
618 3294 651 3356 in
664 3295 727 3370 pita
739 3295 863 3369 lapidea
874 3294 1005 3360 incisim
1020 3309 1093 3356 esse
1103 3309 1157 3369 pe

141 3377 261 3440 eutium
274 3378 305 3438 in
320 3378 459 3452 publico,
473 3377 737 3442 lacedaemonem
751 3377 938 3454 demigravit.
968 3378 1028 3450 lbi,
1045 3385 1079 3438 ut
1090 3377 1159 3452 ipse

170 3461 351 3534 praedicare
365 3470 584 3536 consueverat,
605 3461 834 3527 nonadversus
849 3461 980 3537 patriam
993 3462 1051 3522 scd
1062 3460 1155 3530 taine
