2534 4010
391 909 423 1004 l.
453 905 794 1007 hillidius·

78 1107 279 1221 Murrxms,
302 1148 437 1210 Cimonis
452 1148 550 1223 lilius,
573 1148 781 1224 Atheniensis,
804 1161 873 1207 cum
891 1151 922 1206 et
941 1145 1098 1221 antiqui-1

78 1237 145 1291 tate
159 1231 284 1306 generis
299 1239 329 1291 et
343 1233 441 1307 gloria
454 1231 605 1294 maiorum
621 1238 651 1292 et
665 1247 723 1292 sua
737 1229 891 1292 modestia
919 1245 997 1290 unus
1011 1245 1074 1290 om-

78 1315 168 1376 nium
181 1315 315 1375 maxime
326 1314 451 1376 floreret
458 1332 558 1393 eaque
569 1323 654 1378 esset
663 1323 771 1389 aetate,
786 1322 819 1375 ut
830 1314 960 1374 iamnon
975 1316 1075 1374 solum

80 1400 123 1458 de
138 1414 177 1459 eo
191 1398 272 1458 bene
287 1415 414 1476 sperare
429 1401 486 1461 sed
501 1402 591 1462 etiam
606 1401 764 1461 confidere
784 1399 869 1458 cives
885 1405 1015 1474 possent
1026 1398 1075 1458 sul

80 1483 175 1543 talem
190 1498 260 1542 eum
273 1483 423 1556 futurum,
447 1485 569 1560 qualem
584 1485 739 1560 cognitum
753 1483 932 1554 iudicarunt,
954 1481 1074 1557 accidit,

80 1565 563 1630 utAthenienseschersonesum
574 1569 826 1650 colonosvellent
838 1567 964 1628 mittere.
980 1565 1101 1628 Cuiusl

79 1651 208 1724 generis
229 1665 299 1712 cum
313 1668 443 1727 magnus
464 1669 610 1714 numerus
632 1660 716 1714 esset
736 1662 767 1714 et
787 1651 872 1712 multi
890 1651 956 1710 eius
978 1651 1071 1710 demi-

80 1733 232 1809 grationis
247 1741 385 1811 peterent
399 1737 586 1811 societatem,
603 1751 643 1797 ex
657 1738 705 1797 his
721 1735 832 1797 delecti
845 1733 982 1809 Delphos
998 1735 1073 1794 deli-

81 1818 223 1879 beratum
238 1819 425 1896 missisunt,
448 1823 500 1895 qui
516 1823 712 1880 consulerent
726 1819 914 1895 Apollinem,
939 1833 1000 1892 quo
1018 1834 1072 1893 po-

81 1901 235 1962 tissimum
251 1904 330 1964 duce
342 1912 508 1965 uterentur.
531 1905 670 1980 Namque
682 1910 744 1966 tum
757 1902 890 1964 Threces
904 1914 959 1962 eas
972 1903 1073 1977 regio-

80 2001 140 2047 nes
157 1987 315 2062 tenebout,
338 2004 408 2050 cum
429 1989 541 2064 quibus
562 1990 655 2050 armis
678 1995 742 2049 erat
766 1986 981 2048 dimicandum.
1016 1987 1098 2049 ilisa

82 2072 316 2133 consulentibus
338 2073 514 2134 nominatim
537 2073 647 2152 Pythie
666 2073 837 2150 praecepit,
860 2078 893 2131 ut
905 2070 1072 2131 Miltiadem

81 2155 300 2230 imperatorem
315 2156 375 2217 sibi
391 2165 564 2228 sumerent;
588 2159 621 2218 id
637 2159 664 2218 si
679 2157 835 2226 iecissent,
858 2155 980 2230 incepta
1001 2169 1070 2229 pro-

82 2255 178 2314 spera
192 2240 303 2300 lutura.
324 2242 391 2302 Hoc
407 2241 523 2302 oraculi
537 2257 690 2317 responso
704 2240 856 2300 Miltiades
868 2253 938 2298 cum
953 2237 1098 2298 delectui

81 2337 176 2385 manu
190 2325 291 2385 classe
309 2323 536 2386 Chersonesum
557 2326 713 2400 proiectus
728 2338 797 2385 cum
811 2321 997 2383 accessisset
1015 2322 1071 2382 Le

80 2423 188 2467 mnum
199 2416 229 2468 el
239 2409 357 2470 incolas
369 2410 435 2470 eius
446 2408 566 2468 insulae
576 2409 635 2468 sub
643 2415 825 2484 potestatem
834 2407 973 2482 redigere
980 2407 1072 2466 vellet

81 2485 325 2567 Atheniensium,
340 2492 434 2569 idque
441 2493 557 2552 Lemnii
572 2509 629 2554 sua
642 2501 754 2568 sponte
768 2493 904 2552 lacerent
916 2491 1070 2566 postulas-

85 2581 143 2648 set,
165 2575 208 2634 illi
226 2575 388 2637 irridentes
410 2578 636 2654 responderunt
657 2584 720 2638 tum
740 2577 771 2636 id
785 2591 821 2636 se
837 2576 981 2648 tacturos,
1004 2573 1103 2633 cumb

83 2659 136 2718 ille
151 2659 253 2720 'domo
278 2661 408 2722 navibus
429 2661 631 2737 proficiscens
655 2669 745 2722 vento
774 2659 918 2736 aquilone
934 2658 1073 2718 venisset

82 2743 244 2803 Lemnum.
277 2745 333 2804 Hie
348 2744 427 2805 enim
443 2752 555 2806 ventus
570 2745 608 2805 ab
625 2743 883 2820 septentrionibus
898 2741 1001 2802 oriens
1017 2742 1071 2801 ad·

81 2841 209 2887 versum
224 2834 306 2889 tenet
319 2827 449 2890 Athenis
464 2829 741 2904 proficiscentibus.
763 2825 915 2887 Miltiades
931 2825 1100 2886 morandid

80 2897 221 2988 tempus
221 2929 282 2976 non
297 2912 548 2974 habenscursum
564 2913 744 2989 direxitque
759 2909 904 2972 tendebat
919 2911 1071 2985 pervenit

83 3011 144 3070 que
159 2994 396 3057 Chersonesum

167 3079 213 3140 lbi
236 3079 321 3141 brevi
347 3087 485 3156 tempore
509 3079 708 3140 barbarorum
730 3079 829 3155 copiis
851 3079 987 3140 disiectis
1008 3079 1112 3140 totali

80 3163 209 3239 regione
232 3181 323 3239 quom
338 3165 466 3240 petier'at
481 3164 595 3240 potitus
613 3166 681 3224 loca
703 3163 838 3224 castellis
859 3163 973 3224 idonea
988 3175 1068 3222 com-

82 3247 198 3322 muniit,
214 3239 549 3346 mullitudiqeffi'quam
559 3265 664 3309 secum
679 3247 840 3322 duxerat·
832 3263 862 3306 m
877 3247 959 3322 agris
975 3247 1069 3306 collo-

82 3331 164 3391 cavit
178 3331 358 3408 crebrisque
370 3315 606 3394 excursionibus
624 3333 828 3408 locupletavit.
850 3331 956 3406 Neque
970 3343 1100 3394 marusa

81 3414 111 3474 in
128 3431 166 3475 ea
181 3430 214 3475 re
229 3417 391 3491 prudentia
412 3425 502 3492 qoam
521 3417 661 3484 felicitato
682 3418 805 3478 adiutus
820 3422 876 3475 est.
912 3413 986 3474 Nam
1002 3427 1070 3472 cum

79 3499 193 3562 virtute
205 3501 331 3562 militum
343 3501 510 3562 devicisset
521 3501 652 3564 hostium
665 3501 827 3593 exercitus,
817 3497 1070 3706 ,stlrmmaaequi-
