2534 4010
347 263 424 326 lv.
446 263 728 368 nnusnurns.
750 257 777 330 a‘.
792 273 819 328 4.
893 341 895 348 ,
1047 267 1088 334 17

94 435 192 496 quam
203 415 438 480 Lacedaemonii
453 417 631 492 rescierunt,
647 420 766 495 legatos
782 433 852 480 cum
867 419 954 480 clava
966 417 1006 478 ad
1018 433 1087 480 eum

96 503 255 578 miserunt,
271 504 301 563 in
317 517 377 578 qua
390 515 476 562 more
491 502 611 562 illorum
626 508 692 563 erat
703 505 866 579 scriptum:
887 502 946 562 nisi
963 503 1088 563 domurn

95 593 311 657 reverteretur,
328 602 363 646 se
375 585 484 664 capitis
499 601 569 647 eum
580 586 787 648 damnaturos.
808 587 876 647 Hoc
887 583 993 647 nuntio
1005 592 1115 646 eom-s

94 677 210 742 motus,
233 684 364 750 sperans
379 685 415 730 se
436 670 603 731 etiamtum
619 671 751 746 pecunia
770 676 799 731 et
814 669 951 746 potentia
968 668 1087 730 instans

96 755 269 831 paricidam
290 767 386 830 posse
408 753 578 830 depellere,
600 754 724 815 domum
738 755 837 816 rediit.
865 753 935 815 Huc
947 761 980 815 ut
993 753 1086 824 venit,
1129 825 1133 833 ἱ

96 838 137 898 ab
148 837 276 914 ephoris
288 839 319 897 in
331 837 432 897 vincla
443 839 566 914 publica
577 845 624 898 est
636 839 802 899 coniectus.
825 839 910 899 Licet
922 837 1002 899 enim
1013 837 1087 912 legi-

94 921 157 983 bus
172 937 280 984 eorum
295 919 393 982 cuivis
410 922 528 997 ephoro
549 922 609 982 hoe
624 921 726 982 iacere
742 923 819 998 regi.
842 923 920 984 Hinc
935 929 1037 982 tamen
1053 937 1087 982 se

96 1005 275 1082 expedivit;
287 1019 388 1080 neque
399 1021 436 1067 eo
449 1006 546 1081 magis
558 1005 683 1086 carebat
693 1006 881 1083 suspicione.
894 1007 970 1066 Nam
981 1006 1086 1082 opinio

97 1089 242 1149 manebat
265 1105 335 1150 eum
361 1104 431 1150 eum
456 1105 530 1165 rege
556 1090 671 1150 habere
698 1092 885 1151 societatem.
917 1091 973 1151 Ilst
990 1097 1115 1165 genusii

99 1173 258 1248 quoddam
271 1171 437 1248 homiuum,
454 1174 539 1249 quod
550 1174 670 1234 Hilotae
682 1183 819 1250 vocatur,
835 1189 965 1252 quorum
976 1189 1088 1248 magna

100 1257 265 1318 multitudo
293 1257 395 1332 agros·
414 1254 728 1320 Lacedaemoniorum
761 1260 834 1320 colit
865 1273 1088 1332 servorumque

97 1355 226 1401 munere
254 1341 396 1417 iungitur.
429 1342 496 1402 Hos
524 1359 649 1418 quoque
676 1343 840 1404 sollicitare
862 1353 919 1421 spe
940 1335 1087 1403 libertatis

97 1425 338 1508 existimabatur.
347 1423 410 1486 Sed
422 1427 506 1502 quod
517 1425 624 1488 harum
634 1443 735 1488 rerum
746 1429 860 1489 nullum
873 1433 937 1489 erat
948 1433 1087 1504 apertum
1099 1431 1116 1490 7

97 1510 223 1583 crimen,
251 1523 313 1586 quo
333 1511 419 1584 argui
435 1517 551 1585 posset,
579 1522 640 1570 non
662 1511 809 1587 putabant
830 1513 870 1573 de
891 1513 942 1572 tali
964 1519 1089 1586 tamque

97 1594 182 1654 claro
206 1592 271 1652 viro
294 1593 522 1668 suspicionibus
544 1601 688 1670 oportere
707 1596 834 1658 iudicari
855 1604 885 1656 et
905 1602 1086 1672 exspectan·

97 1678 182 1750 dam,
198 1678 270 1738 dum
285 1691 324 1736 se·
335 1678 405 1752 ipsa
415 1691 466 1737 res
482 1679 623 1754 aperiret.

161 1761 283 1823 Interim
290 1761 425 1836 Argilius
439 1762 562 1838 quidam
574 1762 833 1840 adulescentulus,
846 1755 937 1838 quem
949 1764 1077 1838 puerum
1088 1761 1127 1818 lV

97 1847 266 1908 Pausanias
289 1859 393 1906 eruore
407 1845 534 1909 renerio
550 1847 714 1923 dilexerat,
735 1863 804 1908 curn
820 1847 981 1924 epistolam
996 1847 1034 1907 ab
1049 1861 1087 1905 eo

97 1931 140 1991 ad
160 1930 348 1991 Artabazum
368 1929 541 2006 accepisset
561 1931 651 2006 eique
670 1932 700 1991 in
722 1929 929 2008 suspicionem
950 1929 1089 1991 venisset
1124 1943 1127 1951 ’

98 2015 217 2090 aliquid
231 2015 262 2076 in
278 2030 316 2074 ea
335 2013 374 2074 dc
392 2027 427 2074 se
443 2029 514 2074 esse
529 2009 697 2090 scriptum,
708 2015 792 2092 quod
814 2031 904 2076 nemo
921 2029 1026 2077 eorum
1040 2029 1088 2073 re·

100 2099 214 2171 disset,
241 2099 400 2175 quisuper
425 2099 477 2158 tali
506 2113 600 2160 causa
621 2100 732 2160 eodem
753 2099 840 2160 missi
862 2105 960 2172 crant,
988 2097 1088 2156 vincla

98 2183 250 2258 epistolae
262 2183 376 2242 latravit
387 2183 540 2258 signoque
552 2184 687 2243 detracto
702 2183 856 2258 cognovit,
865 2181 891 2242 si
903 2181 1087 2258 pertulisset,

100 2267 160 2327 sibi
176 2282 248 2327 esse
268 2266 469 2342 pereundum.
500 2267 595 2326 Erant
607 2267 638 2326 iu
656 2268 765 2327 eadem
785 2263 931 2342 epistola,
954 2277 1033 2340 quae
1048 2264 1115 2323 ads

99 2367 138 2412 ea
148 2350 356 2426 pertinebant,
377 2363 457 2426 quae
473 2350 551 2410 inter
563 2341 667 2425 'regem
677 2350 923 2426 Pausaniamque
935 2363 1087 2410 convene*

99 2442 177 2495 rant.
208 2435 273 2494 Has
295 2434 346 2493 ille
367 2435 481 2494 litteras
497 2433 622 2508 ephoris
645 2434 777 2510 tradidit.
811 2434 879 2495 Non
901 2439 949 2494 est
969 2435 1116 2508 praete-³
1146 2464 1149 2469 -

98 2515 1087 2594 reundagravitasLacedaemoniorumhocloco.Namnchuius

102 2602 228 2679 quidem
251 2601 366 2672 indicio
387 2602 513 2676 impulsi
532 2608 616 2676 sant,
637 2609 671 2664 ut
690 2601 872 2664 Pausaniam
888 2599 1087 2675 eomprehen-

101 2687 218 2759 derent,
233 2701 335 2762 neque
347 2686 435 2760 prius
449 2685 509 2744 vim
520 2684 727 2745 adhibendam
738 2689 929 2762 putaverunt,
946 2698 1038 2758 quam
1053 2697 1087 2742 se
1157 2707 1158 2710 ¹

100 2770 172 2846 ipse
187 2769 364 2830 indicasset.
387 2769 574 2844 ltaquehuic
584 2768 686 2843 indici,
700 2770 774 2844 quid
786 2769 852 2828 lieri
864 2767 1115 2842 vellent,·prae-4

102 2859 259 2928 ceperunt.
287 2850 404 2915 Fanum
418 2838 549 2928 Neptuni
565 2859 612 2912 est
625 2851 763 2927 Taenari,
780 2852 864 2928 quod
876 2849 984 2912 violari
999 2851 1086 2910 netas

102 2943 210 3014 putant
226 2934 343 2997 Graeci.
370 2935 415 2996 Eo
437 2935 487 2997 ilie
501 2937 594 2997 index
610 2937 746 3013 confugit
760 2937 791 2997 in
809 2951 923 3013 araque
939 2935 1087 2996 consedit.

101 3021 189 3082 lianc
199 3022 285 3081 iuxta
296 3021 397 3082 locum
409 3021 546 3081 iecerunt
562 3019 619 3081 sub
630 3029 718 3097 terra,
734 3039 773 3082 ex
785 3037 846 3098 quo
859 3028 967 3099 posset
980 3019 1086 3094 audiri,
1132 3075 1138 3099 ,

102 3105 130 3166 si
146 3105 216 3182 qula
233 3105 306 3180 quid
322 3104 499 3182 loqueretur
513 3119 581 3166 cum
595 3105 723 3182 Argilio.
752 3107 818 3168 Huc
830 3120 869 3166 eu
884 3105 1008 3181 ephoris
1022 3104 1087 3178 qui-

102 3189 176 3251 dam
191 3190 426 3250 descenderunt.
454 3189 631 3264 Pausaniae,
653 3197 686 3252 ut
706 3191 823 3252 audivit
844 3191 992 3265 Argilium
1014 3199 1114 3252 con-5

102 3272 222 3349 fugisse
239 3274 269 3333 in
284 3288 384 3348 aram,
406 3271 600 3348 perturbatus
614 3273 698 3334 venit
712 3275 957 3349 corocensem
972 3269 1088 3348 suppli-

102 3372 170 3418 cem
186 3357 237 3418 dci
251 3357 370 3418 videret
385 3357 417 3416 in
432 3373 485 3416 ara
499 3357 672 3432 sedentem,
690 3359 816 3435 quaerit,
832 3371 945 3420 causae
961 3355 1034 3432 quid
1048 3355 1089 3416 'sit

102 3447 168 3520 tarn
185 3441 336 3517 repentini
357 3439 487 3503 consilii.
520 3441 597 3502 Huic
615 3443 673 3517 ille,
696 3443 823 3518 quidex
844 3441 949 3502 litteris
965 3453 1087 3514 compe-

104 3527 210 3600 risset,
230 3525 338 3600 aperit.
371 3523 466 3586 hlodo
487 3521 584 3601 magis
601 3525 769 3588 Pausanias
790 3523 985 3604 perturbatus
1002 3532 1118 3587 orares

149 3625 314 3671 connum.
524 3619 527 3624 ’
910 3617 927 3667 u
