2534 4010
192 275 235 342 12
400 275 952 374 rr.rrrnnnsrcctes.r.a.c.
1061 315 1064 324 ,

101 493 109 509 ‚
190 429 224 492 id
238 430 340 506 potius
361 430 557 506 intuerentur,
579 430 664 505 quod
690 429 829 507 ipsorarm
854 431 1063 505 dominationi,
1087 449 1181 510 quam

191 515 277 591 quad
291 515 457 576 universae
476 514 623 576 Graeciae
637 515 709 576 utile
721 524 820 588 essen
843 533 948 591 quare,
964 519 991 578 si
1006 533 1082 578 suos
1096 519 1180 594 lega-

85 625 95 641 s
191 603 237 662 los
258 601 398 676 recipere
418 599 545 672 vellent,
574 615 654 674 quos
675 600 814 661 Athenas
835 602 998 677 miserant,
1020 617 1056 662 se
1076 605 1180 664 remit-

192 679 344 758 terent,**
355 685 442 744 aliter
454 683 523 744 illos
538 699 704 760 numquam
715 684 746 743 in
758 685 886 760 patriam
898 693 1005 747 essent
1014 688 1180 762 recepturi.

147 769 217 828 Vlll
280 769 393 850 Tamen
408 783 471 828 non
485 767 592 845 elingit
605 769 718 829 civium
730 785 856 832 suorum
868 770 1024 830 invidiam.
1039 770 1181 846 Namque

190 851 230 914 ob
245 852 376 916 eundern
391 852 546 924 timorem,
570 869 631 929 quc
648 854 809 914 damnatus
824 861 889 915 erat
899 854 1062 927 Miltiades,
1085 861 1180 919 testu-

188 939 285 998 larum
308 935 463 1012 suffragiis
485 953 504 997 e
526 939 651 999 civitate
669 939 785 998 eiectus
799 939 902 1014 Argos
923 938 1090 1000 habitatum
1106 953 1179 1000 con-

159 1021 293 1083 accssit
313 1022 370 1082 Hic
385 1037 454 1082 cum
469 1030 597 1098 propter
606 1022 717 1082 multus
734 1022 825 1096 [eius]
840 1023 969 1084 virtutes
983 1039 1096 1098 magna
1111 1039 1179 1084 cum

190 1107 336 1182 dignitate
345 1107 471 1180 viveret,
485 1106 722 1167 Lacedaemonii
738 1107 857 1180 legatos
868 1107 1008 1168 Athenas
1020 1107 1179 1180 miserunt,

190 1192 327 1268 quicum
341 1189 499 1250 absentem
515 1191 706 1264 accusarent,
729 1192 812 1264 quod
829 1193 1006 1252 societatem
1022 1207 1091 1252 curn
1105 1208 1180 1268 rege

160 1273 281 1338 3Perse
297 1274 337 1334 ad
363 1274 521 1334 Graeciam
543 1273 778 1351 opprimendam
800 1275 935 1337 lecisset.
965 1275 1032 1337 iioc
1053 1276 1180 1338 crimine

189 1358 305 1421 absens
321 1359 505 1434 proditionis
521 1360 683 1420 damnatus
699 1367 756 1419 est.
779 1359 814 1420 id
829 1367 861 1420 ut
875 1360 999 1434 audivit,
1016 1362 1101 1437 quod
1116 1376 1179 1421 non

189 1444 265 1505 satis
281 1451 375 1504 tulum
397 1444 545 1518 se-Argis
566 1444 698 1516 videbat,
721 1443 886 1520 Corcyram
907 1445 1097 1521 demigravit.
1134 1446 1179 1506 lbi

190 1545 257 1590 curn
274 1530 340 1590 eius
362 1529 518 1604 principes
541 1527 978 1602 [civitatis1animadvertisset
996 1531 1117 1605 timere,
1139 1546 1180 1590 ne

188 1623 316 1690 propter
337 1629 372 1674 se
393 1613 506 1673 beilum
521 1613 559 1674 iis
573 1612 810 1673 Lacedaemonii
827 1620 857 1674 et
876 1614 1083 1676 Athenienses
1100 1615 1178 1674 indi-

188 1705 302 1774 cerent,
318 1699 357 1758 ad
367 1698 540 1773 Admetum,
554 1696 726 1758 Molossum
736 1713 850 1774 regern,
867 1714 935 1760 cum
951 1715 1013 1774 quc
1029 1699 1057 1759 ei
1072 1698 1180 1774 hospi·

160 1784 264 1846 etium
289 1790 363 1857 erat,
388 1781 535 1857 confugit.
564 1783 632 1844 Huc
653 1798 723 1843 cum
742 1783 882 1844 venisset
903 1791 933 1844 et
956 1783 1179 1859 inpraesentia
1261 1843 1262 1850 ,

188 1883 245 1928 rex
263 1867 397 1940 abesset,
423 1883 484 1942 quo
504 1867 620 1928 maiore
634 1867 782 1943 religione
804 1882 839 1928 se
855 1875 1015 1943 receptum
1033 1875 1185 1950 tueretur„

189 1951 283 2014 tiliam
308 1951 375 2012 eius
396 1952 556 2027 paruulum
572 1951 699 2026 arripuit
719 1959 750 2012 et
769 1966 838 2012 cunr
853 1967 891 2012 ea
906 1967 941 2011 se
956 1952 985 2012 in
1001 1954 1178 2023 sacrarium,

187 2037 276 2114 quod
301 2051 421 2096 summa
445 2035 602 2094 colebatur
626 2036 820 2108 caerimonia,
844 2037 984 2098 coniecit.
1015 2037 1090 2096 Indc
1116 2054 1179 2098 non

190 2121 275 2197 prius
298 2135 443 2195 egressus
466 2125 522 2194 est,
546 2135 637 2194 quarn
658 2135 715 2179 rex
736 2136 806 2180 curn
829 2120 902 2180 data
915 2121 1024 2182 dextra
1038 2121 1069 2181 in
1084 2121 1179 2183 fidem
1260 2131 1261 2183 i

160 2206 347 2286 sreciperet.
370 2204 464 2278 Quam
481 2203 641 2280 pr'aestitit
670 2203 745 2264 Nam
761 2218 828 2264 curn
838 2205 878 2264 ab
892 2205 1134 2266 Atheniensibus
1149 2214 1180 2265 et
1260 2195 1261 2245 t

189 2288 443 2350 Lacedaemoniis
460 2295 682 2364 exposceretur
695 2287 827 2364 publice,
844 2291 1018 2365 supplicem
1029 2305 1091 2351 non
1105 2306 1178 2366 pro·

191 2375 277 2446 didit,
297 2373 491 2447 monuitque,
514 2378 548 2432 ut
571 2373 746 2434 consuleret
771 2371 845 2443 sibi;
869 2373 995 2435 diiiicile
1010 2375 1090 2434 enim
1105 2389 1179 2434 esse

190 2458 220 2518 in
235 2465 296 2516 tam
312 2457 488 2532 propinquo
500 2458 570 2516 loco
585 2463 648 2518 tulo
663 2472 734 2516 eum
747 2459 877 2518 versari.
914 2459 1021 2534 ltaque
1038 2458 1178 2534 Pydnam

161 2552 259 2607 ceum
274 2541 386 2600 deduci
400 2537 490 2601 iussit
505 2548 535 2600 et
550 2541 635 2615 quod
650 2540 725 2601 satis
740 2548 826 2602 esset
838 2543 987 2618 praesidii
1002 2542 1096 2602 dedit.
1122 2543 1179 2602 Hic

190 2627 220 2686 in
236 2640 346 2685 navem
361 2624 503 2686 omnibus
518 2625 640 2700 ignotus
656 2626 757 2686 nautis
771 2627 920 2688 escendit.
942 2627 1088 2701 Quacum
1102 2634 1178 2686 tenr-

190 2717 310 2788 pestate
331 2711 464 2770 maxima
484 2709 603 2770 Naxum
625 2711 767 2784 ferretur,
789 2709 840 2769 ubi
862 2718 925 2772 turn
944 2711 1178 2772 Atheniensium
1258 2735 1259 2769 r

191 2801 256 2855 erat
270 2796 432 2868 exercitus,
448 2793 546 2854 sensit
555 2793 791 2868 Themistocles,
808 2794 834 2855 si
847 2810 886 2856 eo
901 2795 1103 2872 pervenisset,
1119 2794 1178 2856 sibi

192 2893 265 2940 esse
280 2880 480 2954 pereundum.
502 2877 567 2938 Hac
581 2878 909 2940 necessitatecoactus
931 2880 1055 2940 domino
1077 2880 1178 2952 navis,

101 2965 106 2972 ‘
162 2965 262 3040 aquis
277 2963 326 3036 sit,
342 2963 441 3038 aperit
454 2961 548 3022 multa
561 2963 721 3038 pollicens,
736 2963 764 3023 si
776 2978 812 3023 se
824 2970 1053 3025 conservasset.
1075 2967 1117 3025 At
1127 2963 1179 3023 ille

192 3047 354 3109 clarissimi
370 3045 427 3106 viri
440 3037 549 3123 captus
559 3045 772 3108 misericordia
783 3045 863 3108 diem
876 3053 1059 3122 noctemque
1070 3049 1179 3123 procul

191 3131 231 3191 ab
243 3131 343 3190 insuia
353 3132 383 3190 in
396 3132 462 3192 salo
477 3145 588 3192 navem
599 3131 693 3192 tenuit
704 3133 735 3192 in
746 3133 869 3193 ancoris
880 3148 981 3208 neque
994 3147 1180 3208 quemquam
1256 3127 1257 3130 ’

191 3231 232 3276 ex
254 3229 291 3274 ea
312 3215 396 3275 exire
417 3231 531 3291 passus
553 3222 610 3276 est.
642 3216 717 3275 lnde
737 3215 895 3292 Ephesum
914 3216 1054 3292 pervenit
1073 3215 1180 3292 ibique
1256 3283 1257 3293 χ

190 3294 425 3395 Themistoclem
441 3300 576 3375 exponit.
599 3299 653 3359 cui
668 3299 719 3360 ille
731 3315 789 3376 pro
801 3302 916 3361 meritis
931 3307 1042 3377 postea
1052 3300 1179 3375 gratiam

149 3383 348 3530 eremhgcio
369 3457 538 3544 plerosque
558 3467 600 3528 ita
615 3467 796 3544 scripsisse,
821 3467 1056 3530 themistoclem
1076 3468 1180 3528 Xerxe

191 3559 339 3628 regnante
353 3551 384 3612 in
398 3551 504 3612 Asiam
517 3553 680 3612 transisse.
709 3549 771 3611 Sed
783 3567 842 3626 ego
854 3551 1046 3626 potissimum
1058 3550 1178 3625 Thucy-
