2556 3994
195 267 239 334 46
280 265 696 330 x111.T1tdouttt'th.t.
727 263 1056 330 mantuanus.
1072 281 1139 338 M.

195 427 336 489 sennam
350 432 422 488 sunt
440 425 508 486 eius
523 431 611 500 gesta
630 423 780 500 pleraque
795 428 825 483 et
837 436 878 482 ea
892 437 1141 506 quae'proapers
1153 424 1185 484 ei

195 517 356 572 cessarunt
366 526 428 571 non
440 508 648 586 magnitudine
662 507 820 584 copiarum
832 505 889 565 sed
901 506 1030 582 consilii,
1046 523 1109 583 qua
1120 514 1185 567 tum

196 595 295 655 omnis
310 593 486 670 superabat,
501 593 687 654 aeciderunt.
713 591 848 665 Quorum
862 590 922 650 uisi
935 590 1013 651 ratio
1027 592 1185 665 explicata

195 677 294 744 ararit
314 693 366 739 res
382 691 534 754 apparere
548 693 610 737 non
624 679 779 756 poterunt.

566 934 767 950 ...η--ι--β

445 1142 547 1236 ιιι.
606 1135 890 1236 anianus

170 1307 349 1409 lflnrauas
370 1347 459 1416 patre
473 1341 628 1403 Camisare
647 1341 772 1402 natione
791 1340 884 1412 Care,
905 1343 1003 1397 matre
1017 1336 1185 1416 Scythissa

194 1430 285 1486 natus
305 1425 436 1499 primum
457 1427 487 1485 in
508 1427 635 1486 militum
656 1440 783 1486 numero
805 1423 861 1482 ruit
881 1422 966 1497 apud
985 1422 1183 1484 Artaxerxen

194 1524 302 1570 eorum
316 1507 369 1585 qui
382 1509 498 1582 regiam
510 1509 682 1569 tuebantur.
710 1507 800 1567 Pater
814 1507 882 1566 eius
898 1503 1080 1581 Camisares,
1096 1508 1182 1582 quod

194 1599 225 1652 et
237 1607 330 1652 manu
345 1591 431 1672 fords
447 1601 476 1652 et
490 1591 571 1652 bella
587 1598 731 1652 strenuus
747 1596 778 1651 et
790 1589 856 1664 regi
870 1589 972 1648 multis
987 1588 1064 1650 ioois
1079 1589 1184 1652 fidelis

195 1683 260 1736 erat
269 1681 422 1751 repertus,
436 1673 541 1734 habuit
551 1675 741 1750 provintiam
752 1681 870 1748 partem
878 1672 1000 1733 Cilioiae
1010 1672 1181 1750 iuxtaCap

164 1768 182 1820 a
193 1759 372 1836 padoaiam,
395 1773 486 1834 quam
506 1758 643 1819 incolunt
661 1757 842 1835 Leucosyri.
880 1758 1025 1817 Datames
1052 1756 1183 1818 mititare

193 1856 305 1902 munus
320 1843 451 1917 iungens
467 1842 597 1918 primum
612 1843 712 1918 quatis
724 1847 810 1902 esset
823 1839 943 1916 aperuit
956 1839 987 1898 in
1001 1839 1082 1900 helio
1096 1841 1183 1916 quod

192 1940 249 1984 rex
264 1925 415 1985 adversus
432 1919 585 1986 Cadusios
599 1927 704 2000 gessit.
724 1925 863 2000 Namque
877 1923 927 1981 hie
941 1922 1042 1983 multis
1057 1924 1182 1984 mitibus

192 2008 348 2082 regiorum
370 2009 537 2068 interfeotis
552 2009 653 2082 magni
676 2009 731 2069 tuit
744 2008 811 2068 eius
833 2021 940 2082 opera.
977 2005 1044 2080 Qua
1066 2009 1182 2071 iactum

194 2097 257 2168 esi,
280 2105 349 2153 eam
364 2091 395 2151 in
411 2105 448 2151 aa
462 2089 544 2152 bello
560 2093 725 2152 cecidisset
739 2091 926 2166 Camisares,
950 2097 983 2151 ut
1003 2095 1131 2166 paterna
1154 2090 1184 2150 ei

189 2177 363 2237 traderetur
376 2174 546 2252 provincia.
645 2231 649 2239 .

164 2265 192 2325 Π
275 2259 344 2320 Pari
365 2275 401 2322 sa
413 2259 524 2318 virtute
538 2261 649 2334 pastea
668 2259 823 2334 praebuit,
845 2273 914 2318 atam
927 2256 1182 2332 Autophrodates

191 2344 281 2406 iussu
295 2343 379 2418 regis
393 2342 474 2404 bello
490 2349 730 2418 persequeretur
744 2357 800 2402 eos
817 2342 868 2416 qui
883 2342 1069 2402 deiecerant.
1087 2341 1182 2402 Nam-

194 2441 255 2500 que
267 2426 359 2486 huius
374 2441 470 2502 opera
483 2425 605 2501 hostes,
628 2441 697 2486 oum
713 2433 814 2486 castra
827 2426 887 2484 iam
901 2425 1082 2498 intrassent,
1105 2441 1181 2502 pra-

191 2507 287 2584 iiigati
308 2514 380 2569 sunt
399 2509 617 2584 exercitusque
636 2509 775 2584 reliquus
799 2516 1001 2569 ean-servatus
1022 2509 1105 2584 regis
1121 2517 1181 2570 est.

163 2591 258 2665 aQua
273 2607 312 2652 ex
326 2605 361 2651 re
374 2591 542 2652 maioribus
557 2591 651 2652 rebus
667 2607 815 2668 praeesse
830 2591 940 2667 eoepit.
963 2593 1037 2653 Erat
1050 2607 1088 2654 ea
1102 2597 1181 2653 tem·

190 2691 269 2751 pore
280 2675 385 2755 Thuys
401 2675 550 2753 dynastes
561 2674 797 2751 Paphlagoniae,
813 2676 938 2750 antiquo
953 2689 1075 2750 genere,
1092 2682 1181 2737 artus
1240 2687 1244 2702 “

193 2776 212 2819 a
226 2759 411 2837 Pylaemene
431 2760 483 2820 illa
500 2773 592 2834 quem
605 2760 757 2819 Homerus
774 2759 885 2819 Troica
906 2759 989 2818 bello
1004 2759 1180 2820 aPatnoolo

164 2843 383 2903 tintarieotum
398 2843 448 2902 ait.
477 2844 507 2903 Is
522 2843 587 2917 regi
602 2842 684 2904 dieto
699 2842 828 2903 audiens
843 2859 906 2905 non
921 2850 996 2904 erat.
1026 2842 1123 2916 Quam
1138 2843 1180 2904 ob

192 2939 318 2986 oausam
338 2925 419 2987 bello
441 2941 510 2986 eum
525 2927 672 3002 persequi
688 2925 843 2988 constituit
862 2927 955 3001 eique
969 2926 1014 2985 rei
1028 2927 1181 3001 praeiaeit

190 3009 346 3084 Datamen,
366 3011 575 3085 propinquam
587 3009 804 3086 Raptaagonis.
831 3008 971 3092 Namque
986 3023 1027 3069 ex
1040 3009 1135 3070 tratre
1149 3017 1181 3070 et

127 3102 130 3107 ·
191 3107 299 3154 sorore
314 3098 401 3152 erant
414 3093 485 3152 nati.
517 3093 613 3167 Quam
628 3093 668 3154 ob
684 3107 809 3152 eausam
820 3091 963 3154 Datames
979 3093 1109 3168 primum
1125 3107 1180 3152 ex·

192 3175 286 3252 periri
299 3175 405 3250 voluit,
420 3182 455 3235 ut
467 3176 535 3236 sine
550 3176 643 3238 armis
659 3175 865 3251 propinquum
881 3175 922 3236 ad
936 3175 1073 3240 offitium
1085 3174 1180 3237 redu-

192 3265 283 3320 ceret.
317 3259 367 3318 Ad
389 3273 481 3335 quem
502 3273 571 3320 aum
590 3261 728 3322 venisset
748 3259 815 3320 sine
835 3258 1010 3336 praesidio,
1033 3259 1118 3334 quad
1138 3259 1180 3320 ab

124 3360 129 3370 ·
192 3341 290 3405 amida
302 3343 403 3404 nullas
414 3342 721 3418 vereraturinsidias,
739 3351 837 3418 paene
848 3342 968 3404 interiit.
987 3341 1189 3420 Nam'i'huys·

163 3431 260 3486 teum
287 3429 365 3488 alam
389 3421 561 3487 interficere
584 3427 689 3487 valuit.
727 3425 801 3486 Erat
824 3433 922 3487 mater
945 3441 1016 3488 aum
1040 3427 1179 3502 Datame,

193 3510 284 3586 amita
304 3509 521 3590 Paphlagonis.
557 3509 603 3571 Ea
628 3511 702 3587 qaid
726 3516 869 3584 ageretur
891 3507 997 3571 resciit
1019 3509 1179 3586 mitraque
