2556 3994
190 247 235 314 44
403 247 481 308 Xlll.
502 243 785 309 nodositatis.
805 254 832 307 1.
846 254 874 312 2,.
888 253 915 308 3.

189 399 241 462 ille
262 399 329 460 sine
348 399 412 462 ulla
434 396 588 474 publica
579 410 721 472 impensa
741 395 859 470 populo
880 395 1020 456 restituit„
1055 395 1174 456 Adver-

190 499 244 546 sus
261 484 368 545 Cotum
381 483 464 548 bella
483 481 581 557 gessit
594 479 634 539 ab
654 493 755 553 eoque
775 478 857 537 mille
872 484 902 538 et
916 479 1049 541 ducenta
1063 479 1176 540 talenta

157 571 176 626 3
188 566 345 642 praedae
338 583 367 626 m
384 565 538 641 publicum
551 561 661 623 retulit.
687 561 832 638 Cyzicum
846 553 1011 624 obsidione
1024 563 1168 623 liberavit

187 650 387 710 Ariobarzani
401 649 492 709 simul
507 664 576 708 curn
591 645 738 722 Agesilao
760 645 873 704 auxilio
888 647 1047 720 proiectus
1061 653 1122 707 est
1149 648 1176 706 A
1269 689 1271 728 ,

188 747 250 808 quo
266 748 334 793 cum
347 733 429 792 Laco
449 731 612 808 pecuniam
625 735 815 789 numeratam
828 730 1011 804 accepisset,
1035 730 1086 789 ille
1100 729 1177 790 civis
1270 733 1271 790 l

188 831 264 877 suos
286 831 360 891 agro
381 822 473 890 atque
493 813 619 875 urbibus
641 812 745 886 augeri
765 811 870 872 maluit
891 829 982 888 quam
1002 813 1035 872 id
1053 828 1179 875 sumere
1270 801 1271 888 ζ

188 899 274 960 cuius
295 906 412 975 partem
434 899 570 958 domum
568 913 660 962 suam
675 896 755 955 lerre
775 902 895 970 posset
929 897 1037 970 ltaque
1056 897 1179 973 accepit
1270 975 1271 982 ἵ

188 982 341 1043 Crithoten
357 990 387 1042 et
401 980 534 1042 Sestum.
1270 1041 1271 1048 ,

145 1035 172 1124 fl
273 1066 358 1125 Idem
380 1065 472 1125 classi
487 1063 661 1139 praefectus
682 1034 915 1124 circumvehens
928 1061 1179 1139 Peloponnesum
1270 1079 1271 1088 ¹

187 1149 361 1210 Laconicen
384 1149 548 1224 populatus
571 1147 705 1206 classem
725 1160 831 1206 eorum
857 1146 988 1221 fugavit,
1010 1146 1180 1224 Corcyram
1270 1195 1271 1206 ,

189 1230 276 1290 sub
265 1232 427 1328 imperium
432 1228 673 1290 Atheniensium
692 1229 812 1314 redegit
831 1230 999 1303 sociosque
1018 1229 1102 1291 idem
1122 1231 1179 1292 ad·

188 1314 287 1376 iunxit
300 1316 452 1391 Epirotas,
473 1314 673 1385 Athamanas,
693 1304 838 1372 'Chaonas
854 1313 1017 1388 omnisque
1032 1329 1088 1374 eas
1102 1330 1165 1390 gen

159 1399 235 1472 atis,
253 1415 333 1475 quae
347 1413 431 1458 lnam
444 1398 519 1458 illud
533 1397 684 1456 adiacent.
707 1394 773 1468 Quo
789 1396 869 1455 iacto
885 1396 1123 1458 Lacedaemonii
1138 1398 1177 1458 de

188 1483 305 1542 diutim
324 1483 519 1542 contentione
539 1474 719 1540 destiterunt
733 1485 764 1538 et
784 1495 841 1540 sua
855 1486 967 1556 sponte
980 1480 1177 1542 Atheniensi·

187 1565 270 1626 bus
263 1565 382 1641 imperii
396 1565 535 1643 maritimi
550 1563 753 1639 principatum
768 1571 990 1624 concesserunt
1003 1579 1178 1646 pacemque

186 1648 236 1710 his
256 1648 375 1726 legibus
397 1633 631 1721 constituerunt,
654 1653 742 1706 utt
701 1645 742 1704 At
742 1646 907 1706 herienses
921 1647 998 1706 mari
1014 1647 1111 1708 duces
1127 1664 1175 1708 es-

187 1739 263 1793 sent.
288 1733 371 1808 Quae
385 1733 512 1793 victoria
525 1737 627 1791 tantae
640 1729 697 1799 luit
709 1729 829 1789 Atticis
833 1731 974 1806 laetitiae,
991 1737 1022 1790 ut
1035 1737 1100 1792 tum
1114 1733 1176 1809 pti·

60 1884 62 1890 ,
185 1832 354 1892 mumanae
368 1816 438 1877 Paci
454 1814 576 1892 publice
590 1812 651 1873 sint
665 1813 764 1872 iactae
778 1813 869 1888 eique
884 1815 962 1874 deae
976 1815 1120 1889 pulvinar
1138 1815 1178 1875 sit

156 1899 362 1964 3institutum.
404 1900 495 1960 Cuius
516 1898 616 1958 laudis
630 1904 664 1957 ut
677 1897 824 1958 memoria
843 1905 993 1972 maneret,
1016 1898 1176 1960 'limothco

185 1983 308 2058 publico
332 1988 463 2045 statuam
483 1983 513 2040 in
534 1980 601 2041 loro
622 1986 802 2056 posuerunt.
838 1981 895 2055 Qui
915 1981 1016 2042 honos
1030 1981 1102 2042 huic
1124 1983 1177 2042 uni

186 2065 288 2108 *Η*
303 2072 372 2126 ante
387 2066 420 2125 id
433 2071 554 2139 tempus
569 2063 703 2138 contigit,
722 2069 764 2138 ut,
787 2080 856 2125 cum
870 2065 950 2141 patri
964 2067 1098 2141 populus
1113 2073 1176 2128 sta·

184 2155 266 2210 tuam
288 2149 461 2225 posuisset,
481 2147 545 2208 filio
561 2163 685 2223 qaoque
700 2147 796 2207 daret.
826 2148 878 2210 Sic
899 2148 983 2208 iuxta
1004 2149 1107 2224 posita
1125 2165 1176 2211 re·

186 2248 260 2294 oens
275 2233 329 2293 lilii
344 2240 478 2295 veterem
492 2231 588 2308 patris
602 2230 764 2292 renovavit
777 2230 967 2293 memoriam.

144 2320 184 2379 ΙΙΙ
268 2316 326 2377 Hic
345 2333 414 2377 cum
428 2322 514 2377 esset
525 2330 636 2390 magno
655 2321 729 2374 natu
744 2319 774 2374 et
787 2315 982 2390 magistratus
999 2329 1105 2390 gerere
1120 2315 1175 2376 de

186 2399 287 2470 sisset,
307 2399 389 2458 bello
403 2400 607 2459 Athenienses
622 2397 761 2472 undique
775 2399 872 2472 premi
887 2405 958 2459 sunt
972 2399 1083 2474 coepti.
1113 2399 1174 2458 De

185 2483 301 2541 lecerat
314 2481 433 2554 Sarnus,
451 2481 838 2555 descieratllellespontuS,
853 2477 1011 2558 Philippus
1027 2483 1086 2542 iam
1103 2487 1175 2542 tunc

185 2566 301 2640 valens,
324 2564 464 2641 Macedo,
485 2566 579 2626 multa
592 2564 781 2624 moliebatur.
810 2564 863 2624 Cui
879 2566 1042 2640 oppositus
1059 2565 1175 2626 Chares

154 2661 253 2712 acum
274 2656 373 2726 esset,
395 2665 457 2710 non
479 2650 554 2710 satis
569 2649 600 2708 in
622 2664 659 2709 eo
675 2647 823 2724 praesidii
842 2647 1016 2724 putabatur.
1049 2648 1096 2708 Fit
1109 2649 1175 2709 ille-

152 2735 157 2740 ’
183 2733 331 2794 nestheus
346 2739 487 2809 praetor,
503 2731 782 2808 diluslphicratis,
804 2746 900 2808 gener
912 2732 1075 2805 Timothei,
1098 2739 1128 2792 et
1141 2739 1177 2793 ut

184 2817 226 2877 ad
252 2817 364 2890 bellum
388 2817 602 2892 proficiscatur
626 2814 808 2875 decernitur.
852 2815 930 2876 Huic
955 2817 985 2876 in
1012 2815 1176 2876 consilium

185 2899 295 2960 dantur
306 2899 369 2960 duo
382 2915 440 2962 usu
456 2901 666 2976 sapientiaque
681 2904 884 2973 praestantes,
901 2915 1031 2974 quorum
1043 2899 1174 2959 consilio

184 2988 327 3055 uteretur,
348 2991 479 3058 pateret
493 2998 592 3055 socer,
613 2983 698 3058 quod
712 2982 743 3042 in
757 2981 806 3042 his
820 2987 904 3042 tanta
918 2990 984 3043 erat
998 2983 1174 3057 auctoritas,

154 3073 219 3137 aut
231 3081 343 3142 magna
359 3083 432 3143 spes
446 3074 531 3128 esset
544 3083 601 3143 per
615 3081 671 3126 eos
687 3066 802 3126 amissa
816 3079 913 3141 posse
926 3066 1112 3142 recuperari.
1134 3066 1174 3125 Hi

184 3165 253 3210 cum
267 3149 392 3212 Samum
413 3151 542 3226 prolecti
558 3157 663 3210 essent
677 3156 707 3210 et
720 3150 831 3210 eodem
846 3149 960 3209 Chares
982 3149 1103 3210 illorum
1117 3149 1173 3209 ad-

183 3239 277 3294 ventu
297 3233 420 3308 cognito
446 3248 515 3294 cum
536 3233 602 3294 suis
623 3233 723 3310 copiis
744 3234 1007 3307 proficisceretur,
1035 3249 1075 3294 ne
1097 3232 1174 3308 quid

183 3316 312 3377 absente
326 3332 361 3377 se
375 3324 494 3392 gestum
506 3316 670 3392 videretur,
691 3315 810 3390 accidit,
832 3331 902 3378 cum
916 3317 957 3377 ad
970 3317 1103 3377 insulam
1117 3332 1173 3392 ap-

183 3401 433 3477 propinquarent,
455 3407 488 3461 ut
501 3415 612 3476 magna
624 3406 793 3477 tempestas
808 3407 955 3466 oreretur,
990 3399 1085 3475 Quam
1107 3399 1172 3459 evi-

119 3505 121 3510 ·
183 3489 249 3542 lare
264 3485 326 3543 dato
340 3490 462 3545 veteres
484 3485 684 3561 imperatores
699 3485 771 3544 utile
786 3483 921 3545 arbitrati
936 3500 1024 3566 suam
1038 3486 1172 3554 classem
