2556 3994
348 253 442 314 xxv.
463 250 638 314 amous.
662 257 705 318 ιι.
721 259 766 368 ιι.
780 257 824 318 ιι.
1024 251 1086 318 ldl

94 404 315 480 condiscimus,
331 418 428 465 sonex
442 401 634 482 adulescenti
643 403 685 463 M.
696 402 801 479 Bruto,
818 419 888 466 euna
902 404 1085 480 aequalibus

92 497 198 550 autem
217 490 284 550 suis
300 489 334 562 0.
348 489 513 550 Hortensio
535 495 566 548 et
578 487 619 548 Μ.
636 487 784 549 Cicerone
804 488 851 550 sio
872 488 948 549 vixit
960 497 995 548 ut
1009 489 1076 549 iudi·
1096 497 1116 552 2

19 643 25 658 ι
94 588 169 634 aare
189 572 315 633 difficile
334 573 377 632 sit
397 572 447 632 cui
463 573 556 634 aetati
570 572 661 632 tuerit
675 572 864 647 aptissimus.
894 571 1084 647 Quamquam

67 668 78 686 .
93 673 166 718 eum
182 656 349 732 praecipue
361 655 469 716 dilexit
480 656 596 731 Cicero,
610 663 646 718 ut
659 671 699 738 ne
709 657 804 716 irater
816 656 940 732 quidem
952 657 980 714 ei
992 656 1084 730 Quin·

93 747 143 802 lus
161 740 261 801 carior
278 740 368 800 inerit
382 745 435 800 aut
448 740 634 801 familiarior.
669 739 705 798 Ei
720 741 765 800 rei
780 748 853 802 sunt
866 739 979 800 indicio
995 737 1115 815 prae-a

91 833 140 884 ter
160 839 217 883 eos
235 823 332 892 libros
352 824 383 882 in
406 823 519 898 quibus
541 823 581 884 de
601 839 639 884 eo
660 823 733 884 iacit
752 824 953 895 mentionem,
980 825 1032 898 (rui
1053 825 1086 884 in

92 910 206 983 vulgus
221 914 293 968 sunt
307 907 559 981 editi,·undecim
572 907 730 968 volumina
743 908 943 984 epistolarum
957 907 997 967 ab
1012 923 1086 968 oon·

92 993 196 1054 sulatu
217 992 284 1052 eius
305 1006 407 1066 usque
426 991 466 1050 ad
489 997 661 1052 mirantum
673 999 796 1065 tempus
811 993 852 1052 ad
865 991 998 1050 Atticum
1011 992 1086 1052 mis·

92 1091 208 1136 serunt
243 1075 328 1150 Quare
351 1074 404 1150 qui
425 1075 507 1148 legat
526 1090 589 1135 non
610 1077 738 1136 multum
759 1075 914 1136 desideret
927 1074 1085 1136 historiam

92 1165 271 1221 contextam
293 1175 400 1219 eorum
420 1165 604 1234 temporum.
641 1158 693 1220 Sia
708 1158 788 1218 enim
804 1159 907 1220 omnia
920 1158 960 1218 de
975 1158 1116 1219 studiist

94 1243 285 1319 principum,
308 1243 390 1304 vitiis
411 1243 541 1316 dueum,
561 1241 780 1304 mutationibus
797 1243 842 1325 rei
858 1241 1001 1318 publicae
1017 1259 1086 1318 per·

93 1328 213 1404 scripta·
231 1332 303 1388 sunt
322 1333 355 1388 at
374 1326 448 1386 nihil
470 1327 553 1386 iniis
575 1343 636 1387 non
659 1335 808 1402 appareat
828 1335 858 1388 et
875 1325 965 1386 facile
980 1327 1086 1388 existi·

91 1412 169 1471 meri
191 1412 293 1486 possit
312 1411 507 1486 prudentiam
525 1410 754 1486 quodammodo
771 1426 843 1470 esse
857 1409 1085 1471 divinationem.

91 1495 160 1556 Non
176 1496 256 1556 enim
271 1494 378 1556 Cicero
393 1495 546 1556 casotum
561 1509 643 1572 quae,
655 1494 726 1554 vivo
742 1509 778 1554 se
793 1493 971 1554 acciderunt
985 1494 1087 1555 lutura

91 1579 248 1654 praedixit
271 1579 330 1640 sed
355 1578 445 1640 etiam
472 1593 552 1653 quae
577 1594 660 1638 nunc
684 1594 746 1638 usu
769 1578 897 1639 veniunt
921 1577 1030 1638 cecinit
1054 1585 1087 1639 ut

91 1668 191 1724 vates.

172 1747 218 1808 De
230 1747 349 1823 pietate·
359 1751 461 1807 autem
475 1743 567 1808 Attici
583 1746 659 1822 quid
672 1746 763 1822 plura
777 1745 1034 1807 commemorent
1044 1745 1130 1809 XVII

94 1845 164 1892 curn
185 1829 246 1891 hoe
265 1831 369 1905 ipsum
388 1844 463 1888 vere
482 1829 663 1904 gloriantem
685 1829 835 1892 audierim
855 1829 886 1889 in
901 1831 1008 1890 lunare
1022 1845 1085 1890 ma·

92 1914 147 1974 tris
170 1929 261 1990 suae,
285 1910 377 1990 quam
399 1913 506 1974 extulit
525 1929 675 1975 annorum
689 1913 870 1989 nonaginta,
893 1929 962 1974 oum
977 1919 1085 1988 [essct]

92 2003 213 2073 septem
234 1997 455 2072 acserugiam,
479 2013 514 2057 sc
532 2013 700 2076 nmnquam
716 2013 784 2060 cum
800 2005 896 2058 matre
911 1998 942 2058 in
957 1999 1087 2074 gratiam

91 2083 231 2158 redisse,
253 2097 421 2158 nurnquam
437 2096 507 2141 cum
522 2097 633 2142 sorore
648 2081 746 2142 luisse
760 2082 790 2142 in
807 2082 976 2156 sinmltate‚
994 2099 1087 2158 quarn

94 2181 194 2242 propo
215 2167 377 2241 aequalem
396 2165 539 2226 habebat.
575 2169 666 2242 Quod
686 2173 736 2227 est
755 2167 878 2242 signum
900 2173 953 2227 aut
973 2167 1116 2235 nullama

91 2265 239 2328 umquam
252 2251 331 2310 inter
345 2267 401 2311 eos
417 2249 642 2325 querimoniam
656 2250 876 2312 intercessisse
889 2257 941 2310 aut
956 2250 1088 2309 hanoea

94 2334 191 2396 tuisse
211 2335 241 2393 in
263 2350 340 2396 suos
361 2333 551 2407 indulgentia
571 2343 604 2395 ut
626 2349 706 2412 quos
728 2349 832 2395 amare
853 2333 981 2396 deberet
994 2332 1086 2394 irasci

92 2418 139 2478 eis
160 2420 249 2478 netas
269 2419 406 2478 duceret.
441 2416 548 2493 Neque
570 2419 602 2478 id
623 2418 695 2479 feeit
716 2424 825 2479 natura
839 2419 957 2488 solum,
980 2419 1117 2494 quam-3

93 2519 187 2576 quarn
208 2518 316 2563 onmes
338 2503 366 2562 ei
387 2517 549 2576 paremus,
574 2504 631 2562 sed
653 2503 744 2564 etiam
760 2502 909 2564 doctrina.
942 2499 1018 2562 Nam
1034 2501 1086 2580 [ot]

91 2586 266 2663 principum
287 2585 545 2662 philosophorum
564 2586 606 2648 ita
627 2594 775 2664 percepta
795 2587 901 2648 habuit
921 2591 1088 2662 praecepta

92 2675 128 2730 ut
141 2670 178 2730 iis
194 2669 342 2730 advitam
356 2671 508 2745 agendam
523 2686 585 2731 non
600 2671 640 2731 ad
656 2672 891 2732 ostentationem
906 2676 1051 2730 uteretur.

172 2753 269 2816 Moris
292 2753 383 2815 etiam
403 2755 552 2816 maiorum
573 2771 711 2817 summus
727 2755 858 2814 imitator
875 2754 930 2813 luit
945 2751 1130 2815 anti-XVIII

93 2837 282 2914 qtritatisque
302 2843 430 2899 amator.
466 2837 563 2912 Quam
583 2840 663 2899 adeo
683 2839 845 2913 diligenter
857 2835 963 2897 habuit
978 2837 1083 2912 cogni·

90 2928 155 2984 tam
174 2926 208 2982 ut
228 2937 296 2983 eam
316 2929 410 2983 totam
431 2922 461 2981 in
482 2937 521 2983 eo
542 2922 699 2985 votmnine
720 2920 901 2998 exposuerit
914 2937 977 2998 quo
992 2920 1086 2996 magi·

62 3049 66 3058 .
91 3011 208 3066 suetus
220 3005 382 3067 ordinavit
400 3005 489 3068 Nulla
503 3005 584 3066 enim
598 3009 648 3065 lex
663 3020 765 3080 neque
779 3022 842 3082 pax
857 3021 960 3082 noque
974 3007 1118 3084 bellum!

91 3104 196 3164 neque
217 3103 269 3150 res
283 3089 410 3150 illustris
426 3097 474 3150 est
487 3090 595 3166 populi
609 3089 740 3150 Romani
756 3106 836 3166 quoe
850 3107 912 3152 non
927 3089 958 3148 in
974 3103 1012 3151 eo
1027 3105 1087 3150 suo

90 3181 233 3248 tompore
245 3174 447 3248 sitnomtaet
458 3175 543 3249 quod
554 3173 767 3234 difficillimum
777 3174 895 3247 iuitsic
907 3173 1088 3233 familiarum

94 3255 244 3332 originem
256 3257 415 3320 subtexuit
428 3265 462 3318 ut
476 3275 517 3319 ex
531 3273 569 3317 eo
584 3259 739 3318 clarorum
749 3257 886 3319 virorum
899 3257 1087 3332 propagines

89 3341 255 3416 possimus
276 3355 480 3416 cognoscere.
515 3340 601 3402 Fecit
620 3340 682 3401 boo
695 3341 778 3401 idern
792 3340 959 3417 separatim
973 3339 1004 3400 in
1019 3339 1117 3407 allisa

94 3424 190 3499 libris,
205 3432 239 3486 ut
248 3424 290 3485 Μ.
300 3425 386 3487 Bruti
401 3431 512 3500 rogatu
522 3424 639 3487 tunium
654 3425 798 3486 familiam
813 3443 832 3486 a
846 3425 943 3499 stirpe
957 3423 997 3484 ad
1008 3422 1089 3483 bauo

95 3513 226 3570 aetatem
250 3509 361 3570 ordine
381 3507 605 3573 enumeraverit
625 3515 737 3570 notans
759 3509 813 3586 qui
827 3525 846 3570 a
860 3523 987 3584 quoquc
1002 3515 1088 3570 orara

1274 2997 1275 3008 ι

1274 3017 1275 3032 l

1274 3035 1275 3058 l

1274 3121 1275 3146 l

1273 3169 1275 3187 t
