2556 3994
282 241 348 302 xv.
370 238 725 302 nrnnrnonuns.
746 248 815 304 as.
833 247 875 302 ιο.
1029 235 1070 302 nt
1139 191 1142 198 ⁵

126 383 310 468 'Postquam
332 392 455 452 domum
477 392 608 453 reditum
627 399 691 466 cst,
725 392 863 466 collegae
885 391 952 451 eius
971 391 1113 454 hochil

71 479 210 538 erimine
221 474 453 537 accusabantur.
476 473 591 550 Quibus
604 477 654 535 ille
670 475 807 550 permisit
819 481 852 536 nt
863 489 984 534 omnem
1000 491 1071 536 eau-

71 578 145 622 sam
161 561 195 620 in
211 575 248 620 se
260 561 461 620 transferrent
477 575 596 634 suaque
609 576 705 634 opera
723 558 1073 620 laetumconlenderent

72 653 106 706 ut
121 645 188 719 legi
201 659 263 703 non
271 643 439 704 obedirent.
451 644 518 717 Qua
528 644 709 703 defensione
721 643 781 703 illis
790 643 927 718 periculo
936 641 1072 703 liberatis

72 745 172 789 nemo
186 727 430 802 Epaminondam
445 743 668 802 responsurum
683 727 824 802 putabat,
842 728 927 802 quod
942 725 1016 801 quid
1028 726 1072 787 di-

73 819 165 872 ecret
186 827 249 870 non
270 809 405 871 haberet.
426 815 469 871 At
489 813 539 870 ille
554 813 584 870 in
600 811 742 870 iudicium
757 811 856 884 venit,
876 811 951 870 nihil
966 818 1101 872 eoruma

73 895 208 970 negavit
234 911 315 970 quac
336 895 505 955 adversarii
528 895 644 954 crimini
669 895 783 955 dabant
804 895 969 969 omniaque
992 909 1073 968 quac
1157 913 1158 918 ¹

73 981 221 1052 collegae
236 977 378 1038 dixerant
392 979 556 1038 confessus
577 986 625 1038 cst
648 994 750 1051 neque
769 980 925 1038 recusavit
941 995 1001 1052 quo
1016 978 1071 1037 mi-

73 1079 140 1122 nus
163 1062 242 1137 legis
265 1076 396 1136 poenam
419 1063 550 1138 subiret,
571 1064 628 1122 scd
647 1078 740 1122 unum
762 1062 800 1122 ab
822 1062 859 1121 iis
875 1062 982 1136 petivit
995 1068 1027 1120 ut
1041 1061 1071 1121 in

72 1145 221 1222 periculo
238 1161 294 1205 suo
307 1146 523 1206 inscriberent:
545 1147 801 1222 Epaminondasa
816 1146 964 1206 Thebanis
980 1153 1100 1207 mortes

73 1233 291 1302 mactatores,
315 1231 396 1304 qaod
410 1247 460 1290 eos
469 1233 564 1304 coepit
575 1231 661 1306 apud
668 1230 799 1291 Leuctra
816 1247 962 1306 superare
972 1231 1071 1291 Laee-

76 1316 261 1384 daemonios‚
273 1329 346 1388 quos
356 1319 426 1374 ante
436 1331 468 1373 se
477 1317 686 1390 imperatorem
697 1331 781 1375 nerno
791 1314 968 1376 Boeotorum
980 1331 1072 1374 ansas

73 1397 141 1470 snit
155 1399 292 1472 aspicere
302 1400 334 1457 in
348 1400 422 1471 acie,
439 1399 575 1473 qnodque
584 1414 643 1458 ano
654 1400 769 1473 proelio
779 1414 838 1458 non
849 1401 942 1458 solnm
957 1395 1100 1458 Thebasi

77 1483 118 1540 ab
129 1482 252 1540 interita
262 1485 395 1541 retraxit
408 1483 560 1542 sedetiam
572 1485 741 1542 nniversam
754 1482 912 1542 Graeciam
928 1483 961 1541 in
977 1481 1071 1542 tider-

77 1573 171 1625 tatem
185 1565 347 1624 vindicavit
355 1581 446 1640 eoqne
460 1583 509 1626 res
525 1572 715 1640 utramnque
729 1567 876 1640 paeanii
890 1571 924 1624 ut
940 1564 1073 1624 ilteiani

78 1649 226 1724 Spartam
241 1656 457 1723 oppnpnarent,
471 1651 702 1711 Lacedaemonii
709 1652 782 1710 satis
792 1651 943 1722 natant,
960 1651 988 1708 si
996 1651 1074 1708 salvi

78 1749 144 1792 esse
149 1739 281 1808 possent,
298 1749 393 1807 nepae
400 1737 488 1808 prins
498 1735 610 1794 bellare
622 1736 732 1794 destitit
741 1732 970 1808 qnamMessene
981 1731 1099 1791 resti-5

79 1825 145 1876 tnta
166 1817 269 1876 arbem
289 1831 391 1876 eoram
411 1816 560 1878 obsidione
578 1820 694 1878 clausit.
714 1821 716 1824 ’
733 1817 818 1876 Ηεεε
839 1831 908 1874 cum
930 1814 1069 1887 dixisset,

79 1901 164 1960 risus
182 1899 316 1959 omnium
332 1915 401 1959 cum
415 1900 565 1960 hilaritate
581 1907 705 1959 coortus
721 1907 777 1974 est,
792 1915 894 1974 neque
907 1898 1071 1974 quisquam

80 1984 177 2043 iudex
194 1999 289 2043 ausus
305 1991 353 2043 est
371 1983 410 2042 dc
428 1999 465 2044 eo
481 1984 560 2043 lerre
575 1983 763 2059 suffragium.
793 1983 844 2044 Sic
859 1999 878 2042 a
891 1983 1004 2043 iudicio
1021 1999 1070 2042 ca-

81 2067 155 2142 pitis
170 2067 303 2126 maxima
315 2068 460 2128 discessit
473 2069 580 2142 gloria.
892 2121 897 2126 .

138 2151 195 2208 Hic
212 2158 348 2210 extremo
363 2159 503 2226 tempore
520 2153 687 2227 imperator
702 2152 785 2226 apud
798 2151 980 2210 Mantineam
997 2149 1112 2211 cule

80 2235 149 2294 acie
161 2235 309 2295 instructa
330 2236 478 2296 audacius
500 2236 626 2312 instaret
646 2235 754 2308 hostis,
778 2234 919 2307 cognitus
941 2233 1069 2291 aLace-

81 2318 269 2392 daemoniis,
293 2319 377 2394 quod
398 2320 428 2378 in
444 2319 534 2378 nnius
547 2318 683 2394 pernicie
697 2317 764 2377 eius
780 2318 896 2392 patriae
911 2316 1000 2376 sitam
1014 2332 1069 2391 pu·

81 2401 188 2460 tabant
202 2403 339 2476 salutem,
352 2402 487 2461 universi
503 2402 531 2460 in
548 2418 641 2462 unum
657 2402 801 2476 impetum
817 2400 954 2460 lecerunt
968 2415 1069 2475 nequa

81 2485 168 2559 prius
183 2485 402 2545 abscesserunt
420 2502 513 2560 qnam
533 2501 644 2560 magna
663 2485 759 2546 caede
777 2485 941 2559 multisque
957 2484 1069 2544 occisis

82 2569 249 2628 fortissime
265 2569 365 2644 ipsum
380 2570 623 2645 Epaminondam
639 2577 825 2644 pugnantem
841 2583 934 2644 sparo
950 2569 1069 2627 eminus

81 2667 265 2726 percussum
285 2653 449 2713 concidere
471 2653 622 2714 viderunt.
653 2653 750 2714 Huius
782 2669 858 2712 casu
882 2652 1098 2724 aliquantuma

81 2737 225 2796 retardati
242 2744 314 2795 sunt
327 2737 455 2812 Boeotii,
471 2740 572 2812 neque
589 2744 689 2798 tamen
705 2737 789 2810 prins
805 2751 909 2810 pugna
923 2748 1067 2794 excesso-

80 2827 153 2878 runt
181 2835 271 2894 quam
292 2821 491 2894 repugnantis
513 2819 725 2896 profligarunt.
772 2821 814 2878 At
839 2818 1098 2894 Epaminondaso

81 2917 152 2961 cum
172 2904 429 2962 animadverteret
450 2905 638 2964 mortiferum
660 2919 695 2962 sc
716 2902 827 2962 valnas
850 2903 1013 2977 accepisse
1027 2903 1067 2962 si-

80 2985 221 3060 mulque,
244 2985 271 3045 si
286 2987 400 3045 ferrum
415 2987 499 3062 quod
514 3002 553 3046 ex
567 2987 669 3048 hastili
691 2985 721 3044 iir
736 3001 866 3062 corpore
882 2992 1071 3046 remanserat

81 3070 277 3144 extraxisset,
300 3071 430 3130 animam
446 3070 547 3130 statim
562 3070 760 3144 emissurum,
780 3084 880 3146 usque
896 3084 934 3129 eo
949 3069 1070 3130 retinuit

81 3153 188 3226 quoa‘d
211 3154 416 3213 renuntiatum
441 3161 489 3214 est
508 3154 624 3214 vicisse
645 3153 803 3214 Boeotios.
843 3153 878 3213 ld
903 3160 1069 3227 postquam

81 3235 206 3308 audivit,
222 3234 496 3312 Satainquitm'ai
522 3238 656 3298 Invictas
665 3239 743 3298 enirn
754 3241 874 3300 morior.
901 3236 1067 3296 Tumlcrro

81 3326 218 3379 exaacto
234 3320 396 3380 confestim
409 3319 600 3381 exanimatas
617 3327 674 3380 est.

139 3404 195 3462 Hic
210 3417 339 3462 uxorem
352 3399 518 3478 numquam
534 3404 629 3465 duxit.
651 3403 685 3462 In
702 3420 764 3479 quo
777 3419 846 3464 cum
856 3397 1104 3477 reprehende-X

81 3495 170 3558 retur,
189 3487 272 3561 quod
287 3485 401 3548 liberos
414 3501 475 3548 ncn
490 3487 683 3562 relinqueret,
700 3505 719 3548 a
735 3485 892 3563 Pelopida,
908 3483 959 3560 qui
973 3485 1069 3546 filium
