2534 4010
335 263 387 323 vt
408 263 670 327 tisanana.
693 275 717 328 r.
733 275 804 330 aa.
1050 267 1092 334 21

101 415 136 476 in
152 413 289 477 hostium
310 424 461 478 venerunt
481 423 675 492 potestatem.
705 417 771 491 Quo
787 421 868 480 iacto
883 419 1091 484 Athenienses

100 513 137 561 se
148 499 401 562 Lacedaemoniis
417 501 610 562 dediderunt.
633 501 700 560 Hac
712 501 842 564 victoria
854 503 1018 582 Lysander
1030 507 1121 566 cla-3

99 591 163 660 tus,
180 599 248 645 cumr
264 592 353 646 antea
366 601 491 662 semper
502 586 651 647 factiosus
663 586 830 662 audaxque
841 588 959 660 luisset,
975 589 1022 649 sic
1033 590 1092 650 sibi

99 669 238 743 indtdsit,
254 670 367 731 ateius
382 685 481 746 opera
493 671 523 730 in
538 671 703 730 maximum
718 671 822 732 odimn
838 673 985 734 Graeciae
996 673 1091 735 Lace-

98 753 257 814 daemonii
276 756 482 830 pervenerint
516 755 593 814 Nam
612 769 683 814 cum
704 753 784 816 hanc
799 773 925 816 causam
938 756 1122 818 Lacedae-4

98 837 197 898 monii
217 837 409 902 dictitassent
427 839 487 900 sibi
503 853 574 899 esse
589 838 675 910 belli,
698 845 731 899 ut
744 839 979 903 Atheniensium
992 842 1091 916 impc-

97 929 214 983 tentem
224 924 467 988 ,dominationem
480 924 691 998 refringerent,
709 931 875 998 postquam
890 926 974 1000 apud
984 927 1091 1000 Aegos

99 1007 217 1068 ilumen
231 1006 395 1084 Lysander
412 1008 524 1068 classis
545 1007 680 1068 hostium
702 1015 749 1070 est
765 1010 896 1084 potitus,
919 1009 994 1074 nihil
1009 1009 1093 1070 alind

101 1095 227 1154 molitus
249 1098 313 1167 est,
334 1109 426 1168 quam
446 1100 481 1152 ut
501 1091 600 1152 omnis
621 1092 760 1152 civitates
781 1093 812 1152 in
833 1107 892 1154 sua
905 1099 1022 1154 teneret
1036 1110 1091 1168 pc-

100 1183 220 1249 testate,
238 1192 306 1236 cum
316 1177 352 1236 id
367 1193 403 1237 se
412 1177 727 1238 Lacedaemoniorum
746 1192 841 1236 causa
854 1177 957 1237 iacere
969 1177 1092 1240 simula-

99 1269 157 1322 ret.
178 1259 318 1335 Namque
332 1261 469 1335 undique
484 1261 536 1335 qui
549 1259 783 1321 Atheniensium
794 1261 890 1322 rebus
902 1261 1121 1324 studuissentt

101 1345 208 1406 eiectis
222 1345 330 1404 docem
337 1346 494 1420 delegerat
503 1345 533 1404 in
544 1360 732 1420 unaquaque
740 1345 870 1418 civitate,
888 1345 1092 1421 quibuscum-

104 1445 185 1494 mum
197 1429 358 1503 imperium
370 1435 619 1506 potestatemque
626 1430 762 1490 oninium
772 1445 875 1490 rerum
883 1432 1091 1491 committeret

100 1513 218 1574 Henna
240 1512 270 1572 in
282 1527 443 1577 numerum
459 1517 549 1574 neino
564 1513 795 1589 admittebatur,
817 1514 877 1576 nisi
891 1515 944 1590 qui
959 1521 1011 1575 aut
1023 1516 1092 1576 eius

101 1596 239 1671 hospitio
256 1599 461 1658 contineretur
475 1605 527 1658 aut
541 1613 577 1658 sa
591 1597 671 1658 illius
688 1599 755 1658 iore
770 1599 930 1675 preprium
945 1600 1007 1659 fide
1020 1607 1092 1660 cen·

100 1681 246 1742 firmarat

188 1765 234 1825 lta
254 1766 449 1826 decemvirali
464 1771 617 1842 potestate
632 1768 662 1826 in
678 1767 819 1826 omnibus
834 1766 962 1827 urbibus
979 1766 1129 1826 consti-ll

103 1855 168 1910 tuta
188 1849 288 1925 ipsius
310 1855 386 1910 nutu
408 1850 510 1910 omnia
528 1851 722 1924 gerebantur.
753 1850 844 1910 Cuius
860 1851 900 1911 de
914 1851 1094 1912 crudelitate

103 1949 142 1994 ac
155 1934 287 2010 perfidia
301 1934 376 1995 satis
391 1939 546 1997 estunam
559 1935 1038 2013 remexempiipratiapreierre,
1054 1953 1093 1996 ne

102 2018 144 2078 de
158 2019 269 2078 eodem
284 2019 373 2092 mura
387 2019 596 2080 enumerando
612 2018 813 2092 defatigemus
828 2022 970 2080 lectores.
985 2019 1122 2084 victora
1228 1996 1236 2002 ’

102 2117 145 2162 ex
154 2103 232 2164 Asin
246 2117 315 2164 cum
330 2110 536 2164 reverteretur
544 2103 742 2177 Thasumque
758 2103 943 2178 divertisset,
959 2106 1045 2178 quod
1056 2121 1095 2164 ca

103 2187 212 2248 civitas
228 2187 396 2264 praecipua
409 2183 472 2248 lide
487 2188 586 2248 luerat
598 2203 675 2260 erga
687 2187 895 2257 Amaniensis,
912 2188 1043 2262 proinde
1056 2205 1094 2248 ac

103 2270 131 2330 si
152 2270 244 2332 iidem
266 2269 466 2332 infirmissimi
482 2271 619 2332 solerent
632 2285 705 2330 esse
719 2270 823 2345 unici,
846 2270 900 2346 qui
914 2276 1093 2332 constantes
1152 2279 1159 2285 ·

102 2355 236 2418 inissent
249 2355 377 2431 inimici,
398 2361 576 2430 pervertere
590 2370 658 2414 eom
674 2355 859 2430 concupivit
882 2354 968 2416 Vidit
982 2349 1093 2431 autem,

103 2439 164 2500 nisi
179 2442 209 2500 in
224 2455 263 2502 ee
278 2439 467 2512 occultasset
479 2440 676 2512 vetuntutem,
696 2438 839 2513 futurarm
852 2447 888 2502 ut
901 2440 1003 2500 Thasii
1018 2440 1092 2502 dila-

105 2525 252 2584 berentur
267 2525 528 2598 consulerentque
543 2523 637 2584 rebus
653 2522 730 2582 suis
745 2521 849 2564 *lm*

187 2608 295 2683 ltaque
309 2607 341 2668 hi
355 2598 590 2668 decemviralem
604 2623 692 2668 suam
706 2612 889 2682 potestatem
900 2607 940 2666 ab
951 2608 1003 2668 ille
1016 2623 1088 2668 con
1096 2609 1136 2668 Ill

103 2691 239 2752 stitutum
259 2692 459 2754 susttdcrrmt.
489 2691 557 2766 Quo
579 2690 688 2752 dolere
708 2691 854 2752 incensus
879 2690 945 2750 iniit
965 2691 1095 2752 consilia

102 2789 195 2850 reges
210 2775 526 2852 Lacedaemoniorum
538 2775 657 2838 tollere.
680 2773 744 2834 Sed
758 2774 911 2836 sentiebat
924 2774 956 2834 id
973 2791 1009 2836 se
1026 2775 1094 2836 sine
1113 2775 1115 2780 ’

2 2896 3 2904 κ
103 2873 165 2934 cpe
180 2859 310 2921 deorum
324 2860 428 2920 iacere
442 2876 505 2922 nen
520 2875 626 2935 posse,
644 2859 728 2934 quod
742 2858 978 2919 Lacedaemonii
993 2861 1096 2921 emnia

102 2944 143 3024 ad
159 2944 284 3004 oracula
297 2945 414 3004 reterre
429 2949 624 3005 censuerant.
655 2942 788 3002 Primum
801 2941 940 3017 Delphos
958 2953 1123 3006 cerrum-2

102 3033 239 3102 pareest
253 3035 392 3088 cenatus.
416 3027 490 3089 Cum
503 3028 534 3089 id
545 3043 607 3087 non
619 3025 780 3101 potuisset,
794 3025 957 3087 Dodonam
969 3029 1093 3088 adortus

103 3117 161 3171 est
183 3111 263 3172 ilinc
278 3127 404 3189 quoque
419 3114 564 3193 repulsus
580 3109 657 3174 dixit
671 3117 794 3175 renota
808 3112 998 3186 smcepisse,
1014 3127 1095 3187 quae

104 3193 170 3254 lovi
183 3195 347 3256 Hammoni
364 3197 514 3269 solveret,
536 3194 714 3256 existimans
732 3210 768 3256 se
781 3192 875 3255 Alrbs
892 3194 1011 3254 facilius
1027 3211 1093 3256 ccr-

87 3285 274 3353 rupturum.
295 3279 361 3340 Hac
376 3295 434 3356 spo
446 3295 539 3355 qutun
549 3281 707 3355 proiectus
722 3286 807 3340 esset
818 3279 848 3338 in
859 3279 1003 3352 Africam,
1019 3280 1125 3346 tnui-s

103 3369 168 3422 tum
183 3377 254 3424 eum
268 3363 422 3425 antistites
433 3363 519 3425 Iovis
532 3363 714 3424 fefellerunt.
742 3363 821 3422 Nam
832 3377 897 3424 nan
911 3363 1013 3422 selum
1024 3373 1093 3423 ccr-
1119 3388 1123 3413 =

103 3446 207 3521 rumpi
228 3459 289 3508 nce
310 3455 478 3521 potnerunt
493 3447 561 3530 ¹sed
581 3446 671 3508 etiam
691 3449 816 3522 legatos
831 3445 1095 3507 Lacedaemonem

104 3529 273 3604 m‘aertrnt,
296 3531 351 3605 qui
370 3531 567 3611 Lysandrum
585 3537 785 3607 remearent,
809 3529 892 3606 quod
915 3529 1096 3592 sacerdotes
