2556 3994
180 252 223 325 78
438 255 503 317 xx
524 254 778 317 ιιιιοιιιοιι
800 263 866 319 ιι.
879 259 910 316 ις

180 419 299 490 posset,
312 418 429 473 tantum
444 413 545 471 autem
561 423 696 468 amorem
711 407 838 468 haberet
852 406 987 468 omnium
997 404 1182 468 Siculorum

179 502 214 560 ut
228 497 311 557 nullo
325 499 488 556 recusante
501 507 630 568 regnum
645 492 792 564 obtinere,
807 492 916 551 maluit
928 505 964 550 so
978 489 1064 564 diligi
1079 506 1177 566 quam
1271 491 1272 508 ¹

180 582 283 640 metui.
317 581 423 654 ltaque
446 594 514 638 cum
536 577 667 652 primum
687 575 808 652 potuit
800 573 961 649 imperium
974 575 1122 649 deposuit
1135 591 1178 635 ac

180 665 319 740 privatus
335 662 501 739 Syracusis
518 663 601 736 quod
616 661 767 735 reliquum
781 660 862 720 vitae
877 659 932 718 luit
944 657 1030 717 vixit„
1057 657 1176 732 aeque

179 763 256 807 vero
271 747 303 806 id
318 746 456 822 imperite
471 746 551 804 lecit.
571 745 647 804 Nam
660 745 744 820 quod
759 743 851 804 ceteri
863 757 953 816 reges
968 741 1097 816 imperio
1115 757 1174 817 po-

148 847 167 900 s
181 838 302 892 tuerunt
314 828 364 889 hic
378 829 595 890 benevolentia
608 825 712 888 tonuit.
747 827 854 890 Nullus
868 826 969 885 honos
980 825 1050 884 huie
1064 825 1174 899 deluit,

180 931 282 989 neque
298 921 410 990 postea
428 913 557 974 resulta
572 911 737 991 Syracusis
752 916 841 988 gesta
854 916 902 970 est
916 907 1039 984 publice
1053 909 1094 968 de
1109 926 1177 984 que

179 999 266 1074 prius
289 998 328 1058 sit
355 999 511 1058 decretum
540 1011 632 1072 quam
650 995 848 1056 Timoleontis
869 993 1020 1054 sententia
1037 994 1173 1067 cognitu.

146 1081 296 1150 nNullius
317 1097 463 1158 umquam
485 1080 646 1141 consilium
668 1095 730 1140 non
750 1080 844 1140 modo
865 1079 1030 1140 antelatum
1052 1077 1111 1136 sed
1133 1093 1174 1136 ue

180 1174 391 1242 comparatum
411 1165 535 1240 quidem
562 1171 618 1224 est.
657 1164 765 1238 Neque
785 1163 817 1222 ιιι
836 1162 935 1238 magis
954 1160 1173 1221 benevolentia

180 1249 293 1310 tractum
309 1255 356 1308 est
372 1263 463 1322 quam
478 1248 650 1344 prudentia.

135 1335 179 1395 IV
254 1332 312 1392 Hie
328 1347 396 1391 cum
408 1338 506 1392 aetate
522 1332 582 1390 iant
596 1339 763 1406 provectus
779 1337 871 1404 esset,
893 1328 961 1388 sine
982 1329 1045 1387 ullu
1060 1285 1173 1386 morbo

179 1417 293 1476 lumino
308 1417 465 1476 oculorum
488 1415 724 1488 misiconem
740 1415 942 1474 calamitatem
956 1412 998 1472 ita
1012 1411 1173 1472 moderate

177 1501 245 1560 tulit
258 1506 292 1560 ut
306 1515 406 1574 neque
422 1515 490 1558 eum
505 1506 682 1574 querentem
694 1500 859 1574 quisquam
874 1494 1004 1557 audierit
1017 1510 1122 1568 neque
1132 1511 1172 1556 eo

149 1582 277 1650 eminus
305 1583 433 1658 privatis
462 1582 657 1658 publicisque
679 1583 778 1642 rebus
807 1580 982 1642 interfuerit.
1019 1577 1172 1638 Veniebat

179 1673 281 1728 autem
304 1669 335 1726 in
357 1666 522 1738 theatrum,
546 1681 614 1727 cum
635 1667 853 1726 ibiconcilium
870 1665 976 1742 popuii
994 1661 1169 1734 traheretur,

178 1759 305 1828 propter
324 1751 530 1810 valetudinem
548 1758 656 1810 vectus
670 1751 819 1810 *iumentis
840 1749 950 1810 iunctis
965 1746 1058 1822 atque
1074 1747 1117 1808 ita
1132 1747 1172 1806 dc

179 1835 319 1896 vehiculo
346 1851 426 1908 quae
448 1835 628 1894 videbuntur
648 1833 777 1894 dicebat.
819 1835 926 1908 Neque
944 1832 1004 1892 hoc
1026 1830 1068 1893 illi
1085 1830 1171 1905 quis·

180 1934 271 1993 quarn
286 1918 438 1978 tribuebat
453 1919 624 1994 superbiae.
660 1918 740 1977 Nilril
755 1917 835 1978 enim
850 1932 995 1992 umquem
1009 1930 1112 1990 neque
1125 1914 1171 1974 in·

149 2003 284 2062 osolens
305 2017 407 2074 neque
428 2002 596 2075 gloriosum
618 2017 656 2060 ex
679 2015 732 2061 ore
754 2002 821 2062 eius
842 2001 925 2062 exiit.
958 1999 1014 2072 Qui
1035 1999 1170 2072 quictem,

179 2101 249 2145 cum
264 2101 339 2144 suas
355 2085 462 2144 laudes
478 2084 597 2143 atrdiret
611 2085 792 2161 praedicari,
813 2100 979 2160 numquam
993 2082 1172 2146 atino-dixit

179 2185 270 2244 quum
287 2183 321 2228 se
337 2169 366 2227 in
384 2183 420 2228 aa
440 2185 474 2228 re
488 2169 621 2228 maxime
636 2167 695 2227 diis
710 2185 803 2244 agere
816 2170 931 2244 gratias
947 2174 1039 2240 atque
1053 2165 1170 2228 habere

179 2253 272 2328 quod,
289 2269 358 2312 cum
374 2252 509 2313 Siciliam
524 2267 665 2314 recreare
681 2253 920 2322 constituissent,
944 2258 1006 2312 tum
1021 2265 1058 2310 se
1072 2250 1170 2323 potis·

149 2338 286 2403 asinium
302 2339 412 2396 ducem
427 2353 498 2396 esse
516 2339 699 2398 voluissent:
716 2337 793 2397 Nihil
810 2337 890 2396 enim
904 2351 1006 2395 rerum
1021 2334 1170 2395 humana·
1184 2391 1197 2404 ,

178 2437 244 2480 rum
260 2421 326 2478 sine
342 2421 470 2480 deorum
492 2422 615 2480 numine
629 2420 693 2495 geri
709 2421 844 2495 putabat.
871 2421 978 2494 ltaque
993 2431 1069 2480 suae
1084 2417 1170 2478 domi

177 2503 325 2563 sacellum
345 2503 535 2564 Atriomutias
553 2506 757 2566 constituerat
782 2505 876 2580 idque
902 2502 1095 2564 sanctissime
1114 2515 1170 2562 oo·

177 2587 266 2649 lebat

136 2671 164 2730 V
261 2673 312 2732 Ad
340 2671 430 2732 hane
433 2670 573 2732 hominis
595 2673 797 2732 excellentem
824 2671 991 2732 bonitatem
1012 2625 1170 2732 mirabiles
1271 2681 1272 2684 ’

177 2763 375 2816 accesserant
396 2771 498 2816 casus.
532 2757 608 2816 Nam
631 2757 749 2852 proelia
768 2755 902 2815 inanima
922 2754 1015 2814 natali
1037 2767 1096 2818 suo
1116 2752 1170 2814 die

177 2839 249 2898 iecit
264 2840 374 2899 onnia
404 2840 470 2913 Quo
486 2840 598 2900 laetum
614 2847 662 2899 est
675 2848 708 2900 ιιι
723 2840 789 2900 eius
805 2841 888 2900 diem
903 2839 1035 2898 ιιιιιιιθιιι
1055 2837 1169 2898 festum

146 2922 302 2985 aheberet
318 2925 465 2984 universa
485 2923 598 2984 Sicilia.
632 2925 709 2984 Huic
722 2923 846 2997 quidum
858 2923 1057 3000 Laphystius,
1073 2920 1169 2982 liomo

176 3008 319 3081 petulans
338 3011 369 3066 ct
388 3005 540 3082 ingratus,
563 3007 772 3068 vadimonium
794 3003 862 3067 cum
885 3007 978 3068 vellet
997 3006 1169 3080 imponere,

177 3089 261 3164 quod
283 3105 351 3150 oum
372 3089 425 3149 lllo
445 3107 480 3150 se
502 3091 570 3166 lege
590 3107 682 3166 agere
702 3090 833 3163 diceret,
856 3099 886 3152 et
901 3091 1076 3165 complures
1092 3103 1166 3150 eon·

176 3171 343 3234 currissem
371 3171 422 3248 qni
450 3171 667 3248 procacitatem
690 3171 820 3235 hominis
851 3173 992 3235 manibus
1005 3203 1008 3212 .
1021 3185 1171 3238 marcere

175 3263 372 3330 conarentur,
394 3255 550 3316 Timoleon
567 3258 665 3318 oravit
686 3257 785 3318 omnis
807 3273 845 3318 ne
866 3254 897 3318 id
912 3260 1068 3326 remnants
1081 3271 1168 3320 nam-

176 3357 232 3416 que
253 3338 284 3401 id
297 3349 331 3401 ιιι
343 3340 515 3418 Laphystio
531 3347 560 3400 ct
575 3342 673 3402 cuivis
687 3343 801 3416 liceret
824 3357 859 3402 se
874 3343 1027 3404 maximos
1042 3339 1169 3402 labores

176 3439 357 3499 sunnnaque
371 3424 488 3485 adiisse
503 3426 648 3500 pericula.
671 3427 757 3486 Hanc
767 3425 849 3486 euim
865 3426 1002 3503 speciem
1017 3423 1168 3486 libertatis

150 3521 248 3568 *esse
273 3509 300 3568 si
326 3508 466 3569 omnibus
491 3509 577 3584 quod
602 3509 735 3584 quisque
762 3511 856 3571 vellet
881 3507 1002 3587 legibus
1029 3503 1166 3585 expuat
