2556 3994
284 303 288 314 ·
359 261 449 324 lxix.
470 259 685 342 Pflccloh.
707 271 816 325 cac
1045 255 1090 325 75

95 415 244 493 periculis
260 430 322 474 non
336 412 477 474 delendit
490 409 548 473 sed
563 413 653 472 etiem
667 409 813 490 prodidit.
836 407 975 475 Concidit
989 420 1121 478 auteme

94 499 232 560 maxime
245 515 308 558 uno
323 497 457 570 erimine,
474 498 566 572 quod,
583 511 652 556 cum
667 498 749 573 apud
762 513 831 557 eum
844 508 1093 560 summum-esset

94 584 260 658 imperium
275 582 396 658 populi,
419 589 450 640 et
462 581 644 640 Nicanorem
659 581 825 642 Cassandri
840 583 1029 656 praelectum
1045 584 1091 642 in-

95 667 205 728 sidiari
220 666 347 726 Piraeeo
362 665 595 724 Atheniensium
610 680 628 722 a
642 664 775 742 Dercylo
798 673 973 727 moneretur
993 667 1091 727 idem·

96 767 162 826 que
181 751 352 825 postularet
364 757 397 808 ut
413 749 648 833 provideretne
663 751 886 810 commeatibus
901 751 1008 810 civitas
1027 752 1092 826 pri·
1110 767 1112 772 ·

94 842 238 908 veretur,
260 835 331 893 huic
345 834 488 892 audiente
503 833 618 906 populo
633 829 768 893 Phocion
784 835 908 908 negavit
922 849 994 894 esse
1009 835 1090 909 peri·

96 919 200 980 cutum
222 933 320 993 seque
336 917 403 976 eius
417 917 461 974 rei
480 916 619 976 obsidem
636 917 702 975 lore
722 918 876 992 pollicitus
899 926 956 980 est.
984 919 1119 994 Nequea

64 1008 67 1012 '
97 1003 141 1062 ita
154 1002 249 1062 multu
264 1007 336 1076 post
347 1001 479 1060 Nicanor
490 999 616 1058 Piraeeo
629 1006 677 1058 cst
691 1002 814 1075 potitus.
835 1003 883 1060 Ad
900 1017 990 1077 quem
1002 1018 1091 1062 recu·
1113 1019 1116 1030 ¹

95 1086 270 1162 perandum
291 1099 358 1144 cum
387 1085 520 1160 populus
543 1091 676 1143 armatus
703 1086 922 1158 concurrisset,
954 1087 1004 1144 ille
1026 1102 1089 1146 non

94 1170 193 1238 modo
216 1168 365 1228 neminem
389 1169 429 1227 ad
451 1183 535 1227 arma
555 1169 678 1226 vocavit
698 1171 754 1228 sed
769 1185 809 1229 ne
824 1170 947 1228 armatis
964 1170 1089 1245 quidem

96 1268 248 1331 praeesse
259 1253 364 1312 voluit.
388 1251 461 1312 Sine
477 1266 538 1326 quo
554 1252 694 1312 Athenae
711 1254 834 1314 ornuino
851 1269 923 1314 esse
938 1269 999 1314 non
1014 1269 1090 1330 pos-

97 1345 182 1398 sunt.

175 1421 270 1480 Erant
280 1436 317 1480 eo
329 1419 603 1495 temporeAthenis
616 1421 696 1478 duae
711 1420 869 1493 sactiones,
884 1437 1012 1494 quarum
1023 1424 1130 1484 unelll

97 1505 217 1580 populi
234 1519 359 1564 eausam
388 1502 513 1576 agebat,
537 1505 632 1563 altera
656 1504 854 1578 optimatium.
882 1503 916 1563 ln
942 1505 1000 1564 liae
1025 1513 1118 1566 erat·

97 1589 234 1648 Phocion
248 1597 277 1648 et
289 1588 459 1648 Demetrius
472 1586 647 1648 Phalereus
675 1587 789 1647 Harum
805 1593 932 1664 utraque
945 1589 1092 1650 Macedo-

98 1689 172 1732 num
194 1673 372 1747 patrociniis
391 1671 538 1734 ntehatur.
574 1673 649 1731 Nam
670 1673 836 1748 populares
851 1671 1091 1748 Polyperchonti

99 1757 259 1828 iacebant,
277 1757 439 1834 optimates
455 1771 524 1815 eum
540 1757 717 1816 Cassandro
733 1755 913 1818 sentiebant.
935 1758 1057 1818 Interim
1072 1773 1121 1828 aa

97 1839 345 1918 Polyperchonte
367 1839 560 1901 Cassandrus
582 1841 765 1902 Macedonia
786 1841 897 1916 pulsus
920 1847 976 1900 est.
1023 1841 1090 1916 Quo

99 1927 181 1985 lacto
204 1925 336 2000 populus
360 1924 502 1999 superior
529 1925 627 1984 laetus
650 1925 749 1984 statim
772 1925 868 1984 duces
891 1925 1092 1986 adversariae

100 2005 241 2070 lectionis
258 2009 366 2083 capitis
384 2009 545 2069 damnatos
561 2009 660 2084 patria
673 2010 823 2086 propulit,
846 2011 876 2070 in
897 2009 945 2070 his
960 2009 1091 2070 Phocio-

99 2106 168 2152 nem
185 2101 215 2153 et
228 2093 412 2154 Demetrium
427 2092 609 2153 Phalereum
624 2095 726 2168 deque
742 2110 779 2152 ea
793 2111 827 2154 re
842 2096 961 2170 legatos
977 2095 1018 2154 ad
1031 2095 1091 2154 Po-

98 2177 331 2254 lyperchontem
345 2177 428 2236 misit
442 2177 491 2251 qul
509 2178 547 2236 ah
559 2191 597 2238 eo
609 2185 748 2252 peterent
759 2185 792 2236 ut
806 2195 863 2238 sna
877 2180 1000 2236 decreta
1016 2192 1091 2236 con·-
1116 2175 1122 2182 ’

99 2261 243 2321 ilnnaret.
264 2261 331 2322 Hoc
346 2261 457 2320 eedem
472 2262 631 2335 proiectus
644 2268 692 2321 est
705 2261 853 2320 Phocion.
876 2260 940 2333 Quo
953 2269 986 2320 ut
998 2261 1122 2336 venite
1220 2300 1222 2304 ,

100 2361 226 2414 causam
247 2347 331 2420 apud
353 2345 523 2418 Philippum
545 2359 650 2419 regern
672 2344 783 2422 verbo,
812 2361 845 2404 re
874 2344 943 2420 ipsc
965 2345 1090 2420 quidem

99 2430 183 2504 apud
196 2427 475 2505 Polyperchontem
496 2430 601 2490 iussus
622 2435 670 2489 est
684 2429 797 2490 dicere.
825 2429 964 2504 Namque
985 2429 1012 2488 is
1027 2437 1092 2489 turn

99 2513 181 2588 regis
195 2514 289 2572 rehus
306 2520 455 2588 praeerat.
490 2514 547 2573 Hic
563 2513 601 2573 ab
616 2516 747 2589 Agnone
762 2511 925 2575 accusatus
941 2514 1026 2589 quod
1040 2511 1088 2572 Pi·
1103 2520 1122 2573 4

97 2611 222 2657 meeum
236 2597 379 2657 Nicanori
394 2598 586 2672 prodidisset
596 2615 635 2658 cx
647 2596 767 2659 consilii
779 2599 930 2658 sententie
944 2598 975 2656 in
988 2603 1092 2658 custo-

98 2682 181 2754 diam
196 2682 353 2741 cnuieelus
362 2683 500 2742 Athenas
518 2683 668 2742 deductus
684 2689 739 2756 est,
755 2688 789 2742 ut
803 2681 844 2741 ibi
860 2683 899 2740 de
915 2697 952 2739 eo
968 2678 1090 2755 legibus

99 2766 357 2826 heretiudicium.
646 2801 650 2808 -

137 2866 142 2872 ·
181 2849 248 2908 Huc
259 2857 439 2924 perventum
451 2857 583 2924 osteum
596 2856 723 2925 propter
734 2854 862 2908 aetatem
878 2847 1010 2923 pedihus
1022 2848 1134 2908 iale

97 2947 159 2992 non
175 2933 292 2992 valeret
307 2933 511 3008 vehiculoque
525 2941 707 3009 portaretur.
721 2932 824 3006 Magni
836 2947 1007 2995 concursus
1019 2939 1092 2993 sunt

98 3017 180 3090 laeti,
197 3031 266 3077 cum
280 3017 330 3076 alii
346 3015 577 3078 reminiscentes
591 3017 705 3076 veleris
721 3015 820 3075 lamae
835 3015 942 3076 aetatis
963 3017 1091 3076 misere·

98 3107 217 3175 rentur,
239 3101 359 3176 plurimi
377 3114 450 3161 vero
466 3100 512 3160 ira
526 3106 748 3160 exacuerentur
763 3107 890 3175 propter
904 3098 1091 3176 proditionis

99 3184 309 3260 suspicionem
336 3183 453 3244 Piraeei
473 3185 669 3259 maximeque
698 3183 782 3258 quod
803 3185 955 3244 adversus
982 3181 1091 3258 populi

99 3269 264 3328 commoda
276 3269 308 3328 in
323 3275 480 3328 senectute
496 3274 630 3328 steterat.
667 3265 733 3340 Qua
753 3267 793 3327 de
813 3283 847 3326 rc
862 3282 901 3327 nc
922 3265 1120 3343 perorandis

100 3349 224 3425 quidem
239 3351 268 3411 ci
281 3352 355 3412 data
369 3359 417 3412 est
431 3351 560 3412 lacultas
575 3357 606 3411 et
620 3351 743 3412 dicendi
759 3359 893 3412 causam.
922 3349 998 3410 Inde
1012 3349 1094 3410 iudi·

99 3433 148 3494 cio
171 3435 311 3510 legitimis
334 3435 519 3518 quibusdam
541 3435 690 3495 conlectis
711 3436 871 3495 damnatus
893 3433 1024 3494 traditus
1044 3441 1093 3493 est

99 3519 327 3595 undecimviris‚
351 3519 464 3596 qulbus
485 3519 531 3580 ad*
547 3519 731 3596 supplicium
752 3533 838 3578 more
857 3515 1092 3594 Atheniensium
