2556 3994
367 227 459 302 xxti.
480 237 738 320 Hnttltcou
761 249 786 302 1.
808 250 835 304 o.
867 261 880 286 κ

333 405 453 530 Χκιις
512 433 868 532 nxnrnuxn.

76 603 274 716 flumem,
295 637 476 700 Hannibalis
496 637 594 713 filius,
617 643 799 716 cognomine
813 641 928 716 Barca,
952 641 1101 706 Cartha-l

75 725 253 800 giniensis,
288 722 387 800 primo
412 721 546 782 Poenico
571 723 653 784 bello
679 727 736 786 sed
760 721 952 800 temporibus
978 733 1077 786 extre-
1145 773 1148 780 .

76 809 143 869 mis
166 807 333 870 admodum
355 806 604 868 adulescentulus
627 808 657 866 in
681 807 785 870 Sicilia
805 823 954 884 praeesse
975 809 1078 885 coepit

76 892 243 953 exercitui.
280 889 379 966 Quum
393 890 459 950 eius
482 890 616 952 adventu
630 899 661 953 et
680 893 756 952 mari
777 899 808 953 et
826 900 908 952 terra
927 893 1007 952 nrale
1026 904 1107 956 rest

77 983 265 1050 gererentur
279 973 590 1050 carthaginiensium,
613 974 697 1050 ipse.
716 976 769 1039 ubi
785 975 887 1049 alluit,
910 992 1076 1052 numquam

77 1059 166 1120 hosti
183 1058 286 1134 cessit,
302 1073 403 1134 neque
418 1060 522 1118 locum
536 1059 670 1120 nocendi
685 1059 778 1133 dedit,
792 1075 954 1134 saepeque
968 1074 987 1119 e
1001 1077 1075 1121 con-

79 1143 179 1204 trario
200 1142 367 1204 occasione
381 1143 452 1202 dato
470 1141 630 1204 lacessivit
644 1157 830 1220 semperque
846 1143 990 1218 superior
1011 1144 1075 1205 dis·

79 1227 190 1288 cessit.
226 1222 360 1265 ******
382 1225 448 1299 Quo
470 1225 566 1300 iacto,
595 1242 665 1300 cum
689 1243 789 1303 paene
810 1227 913 1289 omnia
926 1228 957 1286 in
973 1225 1077 1288 Sicilia

78 1310 179 1371 Poeni
199 1310 391 1383 emisissent,
412 1310 462 1368 ille
482 1309 615 1387 Erycem
636 1311 682 1371 sic
704 1311 839 1372 defendit
858 1317 892 1370 ut
904 1311 1017 1372 belluni
1038 1328 1076 1372 co

79 1396 154 1456 loco
166 1401 289 1469 gestum
304 1408 366 1454 non
377 1392 541 1453 videretur.
563 1395 685 1454 Interim
697 1394 963 1468 carthaginienses
976 1397 1106 1461 desset

81 1479 170 1554 apud
190 1477 309 1538 insulas
323 1478 451 1550 Aegatis
473 1492 492 1536 a
506 1477 541 1539 G.
556 1478 693 1553 Lutatio,
715 1479 844 1538 consule
857 1479 1076 1553 Romanorum,

80 1562 223 1638 superati
235 1566 407 1622 statuerunt
419 1560 492 1622 belii
503 1560 606 1622 iacere
617 1563 710 1622 finem
725 1577 856 1637 eamque
871 1577 937 1622 rem
952 1562 1075 1623 arbitrio

79 1645 293 1721 permiserunt
304 1643 497 1705 Hamilcaris.
533 1645 586 1705 lile
602 1647 659 1706 etsi
675 1645 826 1721 flagrabat
839 1645 974 1706 bellandi
989 1641 1074 1720 cupi-

79 1730 187 1804 ditate,
210 1735 311 1789 temen
327 1729 397 1804 paci
412 1727 611 1792 serviundum
625 1731 752 1806 putavit,
777 1729 861 1805 quod
876 1729 1007 1804 patriam
1021 1744 1074 1788 ex

79 1812 227 1874 haustam
252 1812 424 1892 sumptibus
452 1812 567 1873 diutius
592 1815 780 1874 calamitates
805 1813 878 1872 belli
907 1815 988 1873 terre
1012 1831 1074 1875 non

80 1911 183 1972 posse
203 1897 413 1972 intellegebat,
441 1896 559 1956 sedita
579 1899 734 1958 utstatim
754 1903 855 1957 mente
875 1897 1018 1974 agitaret,
1047 1898 1105 1959 sil

80 1982 211 2057 paulum
231 1981 323 2041 modo
344 1996 396 2042 res
417 1987 524 2042 essent
543 1983 692 2057 relectae,
714 1982 827 2042 bellum
848 1997 1000 2043 renovare
1012 1983 1074 2044 Ro·

80 2081 258 2140 manusque
278 2066 371 2126 armis
393 2066 556 2141 persequi,
579 2066 722 2127 donicum
738 2073 789 2127 aut
804 2066 913 2136 virtute
928 2067 1075 2128 vicissent
1172 2098 1180 2130 ι

82 2157 138 2210 aut
151 2149 225 2209 victi
239 2165 349 2209 manus
371 2150 543 2210 dedissent.
577 2150 645 2211 Hoc
660 2151 789 2212 consilio
806 2165 913 2225 pacem
931 2150 1104 2217 eoncilia-5

80 2233 148 2292 vit..
164 2233 200 2311 ln
214 2250 277 2309 quo
291 2241 375 2294 tanta
390 2234 445 2294 luit
458 2234 581 2307 ferocia,
599 2249 668 2294 curn
683 2235 807 2294 catulus
822 2239 948 2308 negaret
961 2233 1075 2294 bellum

82 2317 338 2393 compositurum,
358 2317 416 2377 nisi
431 2317 566 2380 ille-,cum
582 2318 662 2390 suis,
687 2319 739 2392 qui
753 2316 886 2394 Erycem
900 2323 1072 2390 tennerunt,

83 2401 178 2462 armis
198 2400 313 2462 relictis
334 2400 437 2462 Sicilia
459 2400 659 2474 decederent,
682 2408 716 2461 ut
736 2399 956 2462 succumbente
976 2401 1075 2475 patria

84 2485 156 2560 ipse.
175 2485 344 2560 periturum
358 2500 394 2546 se
411 2484 514 2558 potius
531 2483 641 2547 dixerit
656 2501 747 2561 quam
768 2501 837 2551 cum
854 2491 936 2545 tanto
957 2482 1073 2560 ilagitio

85 2569 210 2630 domum
229 2569 360 2638 rediret;
383 2585 444 2630 non
468 2569 640 2630 enimsuae
661 2583 733 2629 esse
746 2569 867 2630 virtutis
881 2583 966 2628 arma
986 2579 1103 2643 apa-o

84 2653 143 2712 tria
163 2661 293 2728 accepta
313 2654 464 2713 adversus
480 2652 579 2713 hostis
602 2653 790 2714 adversariis
814 2652 943 2711 tradere.
973 2651 1072 2711 Huius

85 2737 273 2812 pertinaciae
287 2737 382 2798 cessit
397 2737 556 2814 [Catulus]
827 2776 842 2808 q

165 2824 207 2882 At
225 2821 291 2894 ille,
313 2828 347 2882 ut
360 2822 572 2895 carthaginem
586 2819 684 2891 venit,
706 2821 799 2880 multo
815 2817 902 2878 aliter
916 2833 953 2877 ac
967 2831 1072 2892 spera·
1088 2814 1113 2872 ΙΙ

8 2956 12 2962 ,
83 2913 132 2965 rat
144 2921 209 2965 rem
224 2905 379 2980 publicam
394 2921 430 2966 se
444 2905 607 2964 habentem
624 2904 775 2976 cognovit.
804 2901 943 2976 Namque
958 2900 1074 2962 diutur-

85 2989 191 3056 nitate
200 2990 318 3051 externi
338 2989 408 3048 mali
429 2996 546 3048 tantum
568 2988 683 3046 exarsit
708 2986 882 3046 intestinum
907 2985 1021 3046 bellum
1040 2992 1075 3046 ut

84 3089 252 3150 numquam
272 3074 340 3150 pari
361 3073 497 3149 periculo
520 3071 609 3132 luerit
624 3070 789 3166 Carthago,
813 3070 872 3130 nisi
889 3085 958 3130 cum
972 3070 1074 3130 deleta

83 3165 141 3218 est
171 3157 272 3219 Primo
286 3157 466 3218 mercenarii
481 3155 591 3236 milites
608 3155 660 3229 qui
676 3154 992 3214 adversusRomanos
1007 3153 1072 3212 iue-
1084 3157 1102 3210 t

83 3246 154 3300 rant
174 3241 381 3302 desciverunt.
417 3227 552 3314 Quorum
572 3255 717 3299 numerus
740 3247 804 3299 erat
821 3237 935 3312 viginti
927 3235 1072 3296 milium

83 3325 122 3384 Hi
142 3331 236 3386 totam
265 3326 477 3386 abalienarunt
489 3323 639 3396 Alrrcam
662 3323 761 3397 ipsam
784 3320 995 3394 Carthaginem
1018 3334 1071 3392 op·

77 3416 269 3484 pugnarunt.
306 3410 421 3483 Quibus
442 3408 529 3468 malis
552 3407 631 3466 adeo
653 3415 725 3467 sunt
744 3406 838 3467 Poeni
864 3403 1017 3478 perterriti
1042 3407 1105 3465 utu

84 3493 176 3554 etiam
198 3494 311 3554 auxilia
331 3495 369 3554 ab
384 3491 530 3554 Romanis
553 3491 717 3567 petiverint
736 3492 847 3568 [eaque
861 3486 1073 3576 impetrarintt.

129 3591 214 3636 coru.
229 3593 284 3634 nar
893 3579 911 3634 6
