2556 3994
188 275 233 340 90
270 277 375 340 llxlll.
389 278 642 342 HANNIBAL.
658 287 701 342 13.
730 279 837 341 xxiv.
853 279 984 340 CATO.
1001 289 1025 338 l.

198 437 274 508 qual
294 431 361 492 eius
381 431 448 491 llbri
470 439 541 494 suni
556 433 841 494 Graeca'senncnc
862 431 1009 504 conlecti,
1035 431 1067 490 in
1083 429 1135 490 his
1150 430 1190 490 ed

197 515 337 578 Rhodios
363 515 402 575 de
427 515 482 575 Gn.
503 516 607 575 Manlii
631 515 780 576 Volsonis
806 515 835 574 ln
862 515 939 574 Asia
961 515 1055 574 rebus
1080 515 1190 590 gestis.

167 599 295 670 alicius
311 599 382 659 belli
396 607 483 674 gesta
498 601 583 660 mulli
598 598 764 659 memoriae
779 599 990 672 prodiderunt,
1017 599 1074 658 sed
1090 613 1132 656 ex
1142 597 1192 656 his

199 683 261 744 duo
288 682 338 758 qui
365 699 433 742 culn
460 699 498 744 eo
523 685 553 742 in
580 683 690 743 cestris
716 683 840 743 luerunt
864 683 1018 756 simulque
1037 678 1191 752 vixeram,

199 781 290 843 quam
306 765 359 826 diu
374 767 495 828 lorillna
509 783 606 842 passa
626 772 688 839 esi,
710 764 833 827 Silenus
855 775 884 826 el
900 765 1020 827 Sosilus
1034 765 1192 826 Lacedae·
1244 827 1248 833 ,

197 849 330 912 mollius.
353 851 456 926 nique
470 851 530 911 hoe
545 850 648 911 Sosila
662 850 814 910 Hannibal
830 851 995 930 lideraeum
1004 849 1192 910 Graecarum

197 949 274 996 usus
291 941 339 995 est
353 932 489 996 dacione.

166 1027 186 1082 4
279 1016 341 1078 Sed
356 1034 413 1079 nos
429 1028 550 1094 teinpus
566 1025 613 1078 esi
624 1017 716 1077 huius
730 1017 799 1076 libri
811 1018 915 1076 lacere
929 1017 1068 1092 finemel
1079 1017 1192 1075 mma·

198 1117 307 1164 nonum
330 1103 487 1178 explicare
509 1103 728 1178 imperatores,
752 1118 815 1174 quc
831 1100 950 1160 facilius
966 1100 1086 1160 adlatis
1102 1103 1193 1160 'uiro-

197 1199 328 1262 rumque
344 1187 431 1248 leciis
448 1188 499 1263 qui
515 1187 571 1246 viri
588 1185 782 1262 praeferendi
799 1186 859 1246 sint
873 1185 976 1258 possit
989 1183 1132 1263 iudicari.

198 1561 1193 1668 exllnnoecnnnunnel’cusneununlslnsnoslcls.
1267 1563 1270 1622 *²

659 1772 671 1829 l

81 1857 108 1950 ἰ
343 1899 481 1996 xxiv.
541 1902 592 2002 n.
623 1895 869 2037 nuncius
901 1895 1057 1992 clun

130 2085 137 2100 ⁹
174 2065 247 2166 ῙΜ.
266 2100 346 2164 Cano
369 2109 455 2164 ouius
471 2105 637 2179 municipio
653 2107 787 2168 Tusculo
810 2103 1070 2178 adulescentulus
1091 2107 1188 2179 prius·
1269 2119 1270 2124 ’

200 2187 468 2266 quamhonoribus
477 2203 602 2264 operam
611 2189 705 2262 daret,
717 2195 915 2250 versalusesi
923 2187 952 2246 ln
962 2185 1095 2261 Sabinis,
1108 2193 1191 2266 quad

199 2273 830 2350 lbiliercdiulnapainerelietulnllabehai.
846 2271 1192 2335 ludanoriatuwale·
1269 2267 1270 2344 ζ

199 2356 343 2418 riiFlaeei
356 2372 445 2430 quein
458 2358 488 2416 ln
501 2356 663 2419 consulatu
671 2372 865 2432 censuraque
876 2355 1151 2430 liabniinollegann‚
1162 2368 1194 2418 ul.

198 2440 238 2499 M.
250 2439 412 2514 Perpenna
427 2443 587 2502 censorius
603 2457 729 2502 nauare
744 2443 855 2501 sollius
869 2446 931 2512 esi,
950 2441 1080 2500 Roman
1095 2441 1192 2500 demi·
1269 2511 1270 2516 γ

169 2523 299 2600 agrauii
312 2523 341 2582 iu
358 2524 489 2599 loroque
503 2541 576 2585 esse
591 2527 702 2600 eoepli.
732 2526 864 2587 Primum
880 2522 1064 2596 stipendium
1077 2527 1195 2585 meruli

200 2623 348 2668 annorum
365 2607 472 2670 decem
488 2617 680 2685 septemque⁸
709 2610 743 2684 Q.
755 2609 851 2668 Fabio
862 2609 902 2667 Μ.
917 2606 1042 2667 Claudia
1055 2609 1193 2668 consuli-

200 2693 413 2772 bue—tribunus
428 2693 554 2754 milituln
569 2693 599 2752 in
616 2693 719 2754 Sicilia
734 2694 798 2754 inii.
833 2693 908 2752 lnde
922 2697 957 2751 ut
970 2691 1070 2764 redile
1089 2699 1194 2752 castra

201 2783 325 2836 seculus
342 2778 439 2837 est'G.
453 2777 570 2838 Claudii
584 2778 731 2848 Neronis,
751 2777 917 2851 magnique
933 2789 1028 2848 opera
1043 2775 1111 2835 eius
1127 2777 1190 2835 exi·

200 2859 321 2919 siinlaia
336 2866 383 2920 esi
397 2862 426 2920 in
442 2859 559 2935 proclia
576 2863 659 2936 apud
676 2861 786 2920 Senam
803 2877 864 2935 quo
881 2858 993 2920 cecidit
1004 2857 1191 2931 Hasdrubal,

200 2944 294 3003 irater
313 2943 504 3005 Hannibalis.
542 2945 696 3019 Quaestor*
716 2945 823 3018 obtigit
842 2944 874 3002 P.
889 2943 1036 3002 Aliiecno
1060 2944 1191 3005 consuli}

201 3025 274 3086 Cum
298 3042 358 3101 quo
375 3045 436 3087 nun
452 3045 507 3103 pna
525 3030 618 3091 sonis
634 3027 862 3090 necessitudine
876 3027 962 3086 vixit,
990 3024 1130 3100 Namque
1153 3027 1192 3085 ab

200 3126 237 3171 eo
262 3117 411 3187 perpetuu
432 3113 579 3173 dissensit
599 3113 678 3174 vila..
705 3112 829 3189 Aedilis
840 3111 923 3185 plebi
939 3110 1037 3170 lacius
1053 3117 1102 3169 esi
1121 3125 1192 3168 cum

158 3198 188 3258 ‚l
201 3195 235 3256 G.
249 3195 368 3256 Heluio.
390 3195 515 3258 Praetor
529 3193 719 3272 prcvlllciunn
734 3193 1059 3268 obdnuilSardinleln
1074 3207 1113 3252 ex
1130 3209 1194 3267 qua

201 3288 348 3354 quaestor
363 3281 527 3354 superiore
537 3289 676 3356 ternpore
687 3280 839 3340 exsules
853 3278 1010 3337 decedens
1019 3277 1194 3350 censium

200 3366 324 3438 peilam
339 3364 518 3424 deduxerat.
549 3365 639 3438 Quod
652 3377 713 3424 nan
729 3362 857 3424 minaris
871 3361 1082 3422 existimamus
1099 3375 1194 3435 qnam

171 3447 176 3453 ”
201 3447 370 3521 quemlibet
382 3448 605 3522 amplissimum
621 3448 852 3508 Sardiniensem
866 3444 1062 3518 triumphum.

158 3529 184 3588 ll
274 3529 472 3592 consulatum
487 3533 586 3606 gessii
599 3549 668 3592 culn
681 3533 715 3594 L.
729 3531 854 3590 Valerio
869 3529 998 3602 Flacca,
1020 3533 1105 3588 sarie
1121 3543 1190 3604 pra·
