2556 3994
209 255 253 320 Οἱ
456 257 550 318 XVII.
569 255 855 320 haesitetis.
877 263 944 320 Μ.

140 405 144 413 ’
210 423 290 470 nrum
306 407 465 482 imperium
481 415 542 468 tum
558 408 636 468 inter
649 410 823 484 praefectos
837 407 970 470 habebat
984 408 1094 483 regios,
1109 409 1207 468 indu-

209 493 268 554 tias
283 491 438 552 aLacone
458 493 567 566 petivit
587 491 737 553 simulans
759 509 795 552 se
817 493 892 552 dare
916 508 1039 568 operam
1055 499 1088 552 ut
1101 492 1194 550 Lacc-

210 575 379 636 daemoniis
395 591 463 636 eum
477 590 551 650 rege
566 576 758 648 conveniret,
780 591 814 636 re
829 583 929 636 autem
944 591 1018 635 vem
1032 576 1071 636 ad
1088 576 1202 650 copias

182 675 199 729 ι
211 659 445 734 comparandas,
461 674 580 734 easque
593 660 768 733 impetravit
779 659 947 719 trimestris.
970 659 1081 718 Iuravit
1094 665 1202 718 autem

209 753 339 818 uterque
355 757 389 802 se
405 742 472 802 sine
487 743 558 802 dolo
574 743 709 803 indutias
725 750 986 804 conservaturum.
1014 744 1047 801 ln
1064 759 1127 817 qua
1141 758 1199 818 pa·

193 827 310 888 ctione
325 841 443 886 summa
457 825 518 886 fide
533 826 644 886 mansit
658 827 831 901 Agesilaus,
847 835 952 886 contra
967 842 1003 886 ea
1014 825 1200 900 Tissapher-

180 920 264 973 anes
280 909 351 969 nihil
368 909 449 969 aliud
466 926 557 984 quam
574 911 686 969 bellum
702 911 898 986 comparavit.
922 911 956 968 ld
971 909 1028 968 etsi
1044 909 1201 969 sentiebat

183 996 305 1068 Laco,
327 1001 428 1053 tamon
451 993 662 1055 iusiurandum
685 995 829 1054 servabat
850 993 1066 1090 multumque?
1059 1009 1088 1050 ru
1105 1008 1144 1053 eo
1161 1007 1199 1052 se

210 1077 358 1176 consequi
379 1077 515 1151 dicebat,
538 1077 622 1152 quod
636 1077 858 1151 Tissaphernes
872 1077 1006 1152 periurio
1022 1093 1079 1137 suo
1096 1083 1128 1135 et
1141 1075 1196 1134 ho·
1203 1083 1207 1086 “

138 1185 142 1234 1
208 1163 306 1222 mines
327 1162 391 1222 suis
412 1161 506 1221 rebus
522 1161 707 1221 abalienaret
721 1168 752 1220 et
766 1161 842 1222 deas
858 1161 916 1222 sihi
931 1161 1025 1220 iratos
1041 1159 1196 1232 redderet,

209 1262 243 1306 se
258 1251 357 1305 autem
374 1252 557 1304 conservata
571 1244 717 1319 religione
733 1247 913 1308 confirmare
928 1244 1103 1314 exercitum,
1125 1259 1196 1302 cum

141 1340 144 1344 ·
209 1329 463 1390 orrimadverteret
483 1329 574 1388 deum
588 1343 698 1388 numen
724 1328 825 1389 iacere
847 1344 967 1403 secum,
989 1328 1198 1404 hominesque

209 1413 267 1474 sibi
289 1412 452 1474 conciliare
474 1412 651 1485 amiciores,
678 1413 761 1488 quod
783 1414 821 1472 iis
841 1413 967 1474 studere
988 1419 1194 1472 consuessent

209 1513 289 1574 quos
305 1511 491 1557 conservare
506 1495 597 1556 iidem
614 1496 760 1556 viderent

164 1595 206 1658 111
289 1579 455 1655 Postquam
475 1580 658 1640 indutiamm
679 1582 834 1655 praeteriit
851 1581 933 1655 dics,
955 1579 1105 1640 barbarus
1130 1595 1196 1639 non

208 1664 366 1740 dubitans,
389 1664 472 1739 quod
489 1664 588 1738 ipsius
603 1671 690 1724 erant
703 1665 834 1740 plurima
848 1665 1002 1725 domicilia
1015 1665 1044 1724 in
1061 1663 1151 1724 Caria
1166 1671 1198 1724 et

207 1765 245 1810 ea
264 1749 349 1825 regio
370 1748 418 1808 his
438 1746 628 1824 temporibus
650 1751 744 1809 multo
763 1750 927 1826 putabatur
941 1747 1195 1824 locupletissima,

206 1847 245 1893 eo
268 1832 459 1908 potissimum
480 1832 578 1894 hostis
601 1832 745 1908 impetum
769 1835 904 1894 facturos
927 1834 1025 1893 curnis
1049 1848 1123 1891 suas
1142 1846 1197 1890 eo-

178 1931 196 1986 η
208 1917 275 1992 pias
297 1933 334 1977 eo
357 1923 559 1978 contraxerat.
592 1919 633 1977 At
647 1916 810 1992 Agesilaus
832 1918 860 1976 in
879 1917 1042 1995 Phrygiam
1064 1931 1099 1976 se
1118 1931 1197 1976 eon-

206 2000 296 2059 vertit
318 2015 448 2075 eamque
469 2000 555 2074 prius
577 2000 783 2075 depopulatus
799 2007 846 2061 est
862 2003 952 2077 quam
966 1999 1198 2077 Tissaphernes

206 2098 338 2160 usquam
357 2099 392 2144 se
406 2090 551 2144 moveret.
583 2082 695 2159 Magna
710 2086 826 2160 praeda
840 2085 983 2146 militibus
999 2085 1196 2162 locupletatis

207 2167 365 2244 Ephesum
386 2167 550 2227 hiematum
572 2167 739 2228 exercitum
759 2167 881 2230 r'cduxii
895 2177 987 2245 atque
1002 2169 1042 2228 ihi
1059 2169 1195 2231 cilicinis

207 2267 358 2314 armorum
380 2251 524 2314 institutis
541 2267 653 2328 magna
668 2253 817 2314 industria
831 2255 942 2313 bellum
958 2254 1128 2329 apparavit.
1151 2251 1192 2312 Et

209 2353 269 2412 quo
286 2336 455 2397 studlosius
470 2343 659 2397 armarentur
671 2337 884 2416 insigniusque
897 2344 1085 2412 ornarentur,
1102 2353 1194 2412 prae-

207 2421 266 2479 mia
287 2420 449 2494 proposuit
470 2419 581 2495 quibus
603 2422 790 2481 donarentur
812 2437 942 2497 quorum
964 2423 1088 2498 egregia
1108 2422 1139 2481 iu
1157 2437 1196 2482 ea

178 2518 240 2576 gre
256 2503 365 2564 luisset
379 2503 536 2563 industria.
568 2503 652 2564 Fecit
666 2505 745 2564 idem
761 2505 790 2564 in
807 2506 1057 2567 exercitationum
1072 2507 1195 2580 generi·

208 2586 274 2661 bus,
296 2593 328 2648 ui
343 2587 393 2663 qui
410 2587 518 2648 ceteris
533 2589 759 2663 praestitissent
772 2605 827 2650 eos
843 2591 961 2665 magnis
977 2590 1113 2650 afficeret
1126 2606 1195 2650 mu·
1267 2635 1269 2640 ,

207 2669 341 2734 neribus.
362 2671 418 2732 His
433 2671 522 2746 igitur
536 2672 629 2732 rebus
645 2671 746 2733 edocit
760 2680 793 2734 ut
808 2681 837 2734 et
853 2675 1078 2734 ornatissimum
1094 2679 1125 2735 et
1139 2689 1195 2733 ex-

178 2751 450 2824 sercitatissbnum
464 2755 591 2817 haberet
606 2757 781 2817 exercitum.
804 2758 882 2818 Huic
894 2765 961 2818 cum
974 2764 1095 2833 tempus
1108 2763 1196 2817 esset

207 2839 305 2900 visum
321 2841 428 2916 copias
443 2839 603 2900 extrahere
615 2856 653 2901 ex
665 2841 880 2916 hibemaculis‚
897 2841 980 2914 vidit,
997 2842 1022 2902 si
1034 2857 1095 2915 quo
1108 2848 1195 2902 esset

206 2921 263 2983 iter
284 2925 419 2986 lactarus
441 2925 539 3000 palam
560 2925 806 2998 pronuntiasset,
827 2925 927 2986 hostis
942 2939 1002 2985 nou
1020 2925 1193 2986 credituros
1248 2971 1252 2980 .

207 3007 346 3084 aliosque
366 3007 509 3084 regiones
531 3008 694 3083 praesidiis
715 3015 923 3084 occupaturos
944 3023 1046 3084 neque
1072 3008 1192 3069 dubita·

206 3100 292 3155 turos
313 3092 395 3152 allud
416 3106 488 3152 esse
508 3093 657 3153 iacturum
672 3109 709 3154 aa
725 3095 963 3169 pronuntiasset
998 3094 1106 3167 ltaque
1121 3107 1192 3152 cum

207 3176 257 3238 illa
272 3174 378 3237 Sardis
399 3175 508 3237 iturum
530 3191 565 3236 sa
586 3177 729 3252 dixisset,
751 3177 973 3254 Tissaphernes
990 3177 1119 3236 eandem
1135 3175 1192 3236 Ca-

205 3261 280 3321 riam
295 3260 519 3321 deiendendam
534 3263 659 3336 putarit.
686 3262 719 3322 ln
736 3279 798 3337 quo
814 3278 882 3323 cum
898 3277 967 3322 eum
985 3260 1089 3334 opinio
1105 3260 1191 3318 iclel-

205 3345 293 3405 iisset
312 3345 488 3421 victumque
507 3360 542 3404 se
557 3345 686 3407 vidisset
700 3348 845 3422 consilio,
866 3361 937 3408 sero
953 3344 1018 3405 suis
1034 3333 1214 3420 praesidio*

207 3429 363 3501 proiectus
378 3436 434 3492 ost
457 3428 531 3488 Nam
548 3444 616 3488 cum
632 3432 682 3491 iilo
696 3431 844 3506 venisset,
860 3432 919 3490 inm
936 3427 1099 3504 Agesilaus
1114 3427 1190 3485 mul-

178 3509 246 3572 ctis
262 3513 338 3572 locis
353 3511 536 3589 expugnatis
552 3527 661 3588 magna
675 3522 739 3574 crat
756 3515 870 3588 praeda
885 3513 1010 3589 potitus.
1038 3509 1120 3570 Laco
1136 3523 1194 3570 au-
