2534 4010
123 241 154 343 J
197 247 218 310 r
447 248 469 308 1.
491 245 761 322 murriones.
780 215 806 310 r.
823 253 850 308 s.

168 408 322 463 stateres
339 401 493 462 constituit
503 407 596 474 atque
607 401 676 476 ipse
687 399 801 459 ibidem
813 411 939 458 manere
950 396 1096 457 decrevit
1112 397 1189 459 Erat

198 487 278 545 enim
297 485 375 544 inter
394 500 450 546 eos
469 485 614 559 dignitate
628 484 721 558 regia,
746 481 887 556 quamvis
908 479 1034 540 carebat
1050 482 1186 556 nonrine,

197 583 299 643 neque
313 568 344 628 id
360 569 457 642 magis
472 568 607 643 imperio*
621 584 711 641 quam
726 566 839 626 iustitia
854 570 1049 626 consecutus.
1077 565 1188 640 Neque

197 669 235 712 eo
251 652 353 712 secius
367 651 622 724 Atheniensium,
644 667 663 710 a
681 649 791 725 quibus
807 656 873 708 erat
887 649 1059 724 proiectus,
1082 649 1188 709 cilicia

197 735 383 812 praestabat
412 735 528 809 Quibus
540 735 632 796 rebus
648 734 756 808 fiebat,
771 740 804 793 ut
819 749 881 792 non
895 731 995 793 urlinus
1008 731 1114 792 eor'um
1129 749 1181 792 uo-

191 822 310 879 luntate
324 826 473 894 perpetuo
492 819 651 894 imperium
668 817 826 889 obtineret,
848 815 900 892 qui
916 816 1069 890 miserant,
1093 833 1187 892 quam

171 905 326 975 tiliorum,
344 919 411 962 curn
429 904 538 977 quibus
554 909 620 962 erat
629 902 797 976 proiectus
821 899 1015 960 Chersoneso
1028 900 1079 959 tali
1090 901 1187 960 modo

76 1057 79 1066 ¹
95 1013 99 1016 ·
199 987 362 1048 constituta
377 987 523 1045 Lemnum
538 986 700 1046 revertitur
715 991 745 1044 et
765 999 804 1043 ex
819 990 910 1058 pacto
926 985 1110 1058 postulatae
1128 983 1188 1044 sibi

197 1071 303 1132 urbem
319 1071 448 1130 tradant.
470 1071 515 1129 llli
531 1071 610 1130 enim
626 1071 775 1140 dixerant,
792 1083 860 1127 eum
876 1074 967 1126 vento
982 1067 1078 1126 borea
1091 1067 1187 1130 dome

128 1177 132 1184 ·
198 1157 355 1230 proiectus
367 1169 404 1214 eo
418 1155 620 1229 pervenisset,
631 1169 702 1215 sese
714 1137 888 1220 deditirrom
903 1167 938 1210 se
949 1158 1049 1212 autern
1060 1151 1188 1230 domum

172 1238 382 1302 oClrersouesi
397 1238 521 1300 habero.
555 1238 657 1312 Cares,
681 1236 731 1312 qui
754 1243 815 1296 tum
833 1235 980 1297 Lemnum
1002 1235 1188 1311 incolebant,
1245 1243 1250 1250 “

198 1323 253 1384 etsi
268 1329 388 1396 praeter
403 1322 579 1397 opinionem
592 1338 644 1382 res
659 1321 821 1392 ceciderat,
838 1326 939 1380 taurea
954 1333 1014 1384 non
1030 1320 1114 1381 dicto
1127 1321 1189 1380 sed

198 1407 335 1472 secunda
357 1407 479 1468 fortuna
499 1407 747 1470 adversariorum
767 1403 848 1479 capti
868 1402 1014 1462 resistere
1034 1403 1103 1464 ausi
1125 1419 1189 1464 non

198 1497 269 1552 sunt
284 1497 376 1566 atque
391 1506 430 1550 ex
451 1491 552 1553 insula
573 1491 789 1565 demigrarunt.
818 1487 885 1546 Pari
906 1487 1048 1548 felicitate
1066 1495 1190 1549 ceteras

197 1576 333 1649 insulas,
360 1591 439 1649 quae
461 1574 612 1650 Cyclades
640 1573 849 1644 nominantur,
869 1563 931 1632 'sub
951 1571 1190 1639 Atheniensium

198 1659 316 1734 redegit
329 1665 523 1734 potestatem,

159 1743 215 1820 'll
277 1743 400 1804 Eisdem
420 1741 610 1819 terrrporibus
631 1740 793 1802 Persarum
814 1755 870 1800 rex
884 1739 995 1800 Darius
1011 1755 1051 1798 ex
1063 1739 1143 1800 Asia
1157 1739 1188 1802 in

197 1828 350 1903 Europam
368 1827 503 1900 exercitu
518 1827 642 1886 traiecto
656 1823 780 1900 Scythis
792 1825 904 1884 bellum
917 1824 1027 1882 inlerre
1040 1823 1190 1884 decrevit.

197 1911 323 1980 Pontem
334 1912 406 1972 iecit
417 1912 445 1972 io
457 1912 559 1972 Histro
572 1909 705 1980 flurrrine,
721 1925 784 1984 qua
794 1909 903 1984 copias
915 1908 1097 1969 traduceret.
1111 1908 1189 1969 Eius

198 1997 309 2070 pontis,
325 1996 397 2056 dum
409 1995 477 2070 ipse
489 1993 621 2068 abesset
633 1993 779 2071 custodes
792 1991 914 2068 reliquit
924 1991 1091 2068 principes,
1105 2007 1189 2068 quos

199 2094 304 2138 secum
319 2095 357 2140 ex
373 2080 459 2146 ionia
473 2085 504 2138 et
516 2078 648 2138 Aeolide
664 2077 807 2148 duxerat;
832 2075 943 2152 quibus
966 2075 1096 2150 singulis
1117 2074 1191 2152 ipse

172 2172 303 2224 aearum
319 2163 439 2224 urbium
455 2169 604 2238 perpetua
619 2161 746 2220 dederat
767 2161 904 2236 imperia.
937 2160 989 2222 Sic
1008 2161 1088 2222 enirn
1103 2160 1191 2242 iacil-

143 2317 145 2322 ,
198 2247 268 2307 lime
284 2249 401 2324 putavit
416 2263 450 2308 se
465 2248 583 2308 Graeca
597 2245 701 2320 lingua
715 2244 892 2321 loquentes,
915 2245 967 2318 qui
981 2245 1088 2304 Asiam
1102 2244 1188 2306 inca

198 2332 303 2408 terent,
319 2331 377 2392 sub
393 2349 451 2392 sua
463 2339 646 2392 retenturum
658 2335 818 2404 potestate,
834 2329 861 2390 si
873 2329 979 2390 anricis
990 2329 1057 2390 suis
1070 2329 1191 2404 oppida

198 2417 313 2476 tuenda
327 2415 519 2488 tradidisset,
544 2413 656 2490 quibus
672 2428 707 2472 se
722 2428 877 2490 oppresso
891 2415 974 2474 nulla
989 2429 1063 2488 spes
1078 2414 1190 2474 salutis

197 2501 429 2575 relinqueretur.
458 2499 491 2558 in
512 2499 572 2558 hoc
593 2497 648 2558 suit
661 2504 725 2560 tum
743 2513 869 2558 numero
884 2497 1049 2571 Miltiades,
1071 2498 1121 2558 cui
1137 2498 1190 2558 illa

121 2631 128 2638 .
171 2583 342 2651 acustodia
358 2583 542 2646 crederetur.
571 2584 628 2644 Hic
644 2598 712 2641 cum
724 2581 823 2643 crebri
837 2581 982 2642 afferrent
995 2583 1092 2642 nrrntd
1106 2583 1190 2642 male

200 2685 265 2728 rem
280 2667 518 2744 gererellarium
534 2668 694 2743 premique
705 2683 724 2728 a
737 2665 871 2744 Scythis,
884 2665 1038 2728 Miltiades
1048 2666 1189 2726 hortatus
1220 2695 1223 2701 ·

94 2812 97 2815 ,
200 2760 247 2813 est
262 2753 364 2826 pontis
379 2753 542 2826 custodeS,
559 2767 597 2810 ne
613 2767 631 2810 a
645 2752 766 2811 fortuma
781 2751 882 2810 datam
900 2750 1096 2810 occasionem
1112 2751 1188 2810 libe·
1251 2751 1257 2798 l

172 2837 315 2902 flandae
331 2835 478 2896 Graeciae
494 2835 685 2895 dimitterent.
714 2834 789 2896 Nam
805 2835 832 2894 si
847 2849 915 2894 curu
930 2833 968 2894 iis
985 2834 1093 2910 copiis,
1108 2850 1188 2910 quas

199 2935 305 2980 secum
320 2927 556 2994 transportaret,
579 2919 735 2980 interisset
748 2919 875 2994 Darius,
897 2934 960 2978 non
975 2919 1076 2992 selum
1089 2919 1189 2980 liure

197 3020 269 3080 pam
281 3004 347 3064 lore
358 3009 461 3079 tutam,
475 3005 531 3064 sed
544 3003 634 3063 etiam
646 3019 711 3076 eos,
721 3005 773 3080 qui
781 3005 889 3064 Asiam
900 3003 1070 3064 incolerent
1077 3002 1188 3062 Graeci
1256 2997 1257 3054 ἶ

196 3103 319 3168 genere,
341 3088 455 3150 liberos
473 3088 670 3172 aPersarum
687 3089 805 3149 futuros
828 3087 1036 3150 dominatione
1053 3093 1084 3147 et
1105 3087 1188 3162 peri·
1256 3129 1257 3138 ,

198 3172 284 3242 eulo;
307 3179 337 3232 et
358 3172 446 3231 facile
468 3173 549 3234 ellici
571 3187 681 3249 posse3
705 3178 800 3248 ponte
820 3173 902 3234 enim
922 3171 1059 3232 rescisso
1080 3185 1187 3246 regem

197 3257 245 3316 uel
267 3256 400 3318 hostium
421 3258 501 3318 ierro
521 3258 571 3318 vel
591 3256 696 3332 inopia
722 3255 964 3331 paucls”diebus
985 3249 1184 3316 interiturum.

66 3392 82 3418 ς
171 3341 246 3404 sAd
261 3341 321 3400 hoo
339 3341 499 3402 consitium
514 3357 583 3402 cunr
600 3340 740 3416 plerique
754 3341 945 3413 accederent,
960 3339 1116 3404 Histiaeus
1130 3339 1186 3400 Mi-

198 3425 301 3498 lesiuS,
316 3442 355 3486 ne
366 3441 416 3486 res
430 3425 640 3497 conficeretur,
655 3423 772 3484 obstitit
782 3425 906 3486 dicens=
922 3425 1083 3486 nonidem
1095 3424 1185 3500 ipsis,
1256 3439 1257 3494 r

196 3509 248 3583 qui
261 3525 395 3572 summas
407 3509 526 3586 imperii
538 3514 684 3579 tenerent,
692 3507 841 3584 expedire
852 3515 883 3570 et
893 3507 1087 3582 multitudini,
1098 3509 1183 3586 quod
