2556 3994
150 220 160 356 ξ
213 247 258 314 ao
464 255 547 316 xrv.
568 253 805 316 narrans.
826 261 897 318 aa

157 463 161 474 ,
209 424 279 468 cum
292 406 359 466 viro
374 405 445 468 lorti
459 423 497 466 ac
510 413 637 467 strenuo
651 405 810 488 negotium
822 415 910 478 esse,
932 406 1001 482 qni,
1020 421 1091 466 cnm
1113 407 1200 482 cogl-

183 497 316 565 rtasscl,
337 491 440 550 lacere
453 491 584 550 auderet
596 496 628 548 ct
639 489 726 564 prius
742 489 879 563 cogitare
893 505 985 564 quam
1001 491 1108 550 conari
1123 506 1198 551 con·

180 581 349 647 arcessor,
369 573 634 649 Autophrodatem
653 572 684 632 in
706 572 933 648 Cappadociam
953 573 1057 636 mittit.
1084 574 1144 634 Hic
1158 589 1200 634 ne

209 659 322 718 intrare
342 657 453 732 posset
471 659 580 716 saltum
601 657 631 716 in
655 673 717 730 qno
738 655 860 716 Ciliciae
886 664 995 730 portae
1020 664 1096 718 sunt
1120 657 1200 718 sitae

179 743 353 802 ³Datamcs
373 755 604 816 praeoccupare
628 740 753 800 studuit
794 738 857 800 Sed
877 747 939 798 tam
964 740 1066 800 subito
1088 742 1199 816 copias

210 823 390 884 contrahere
409 841 470 884 non
491 825 600 900 potuit
633 825 740 898 Aqua
752 838 787 882 re
801 823 952 896 depulsus
967 837 1037 882 eum
1052 839 1091 883 ea
1105 841 1199 884 manu

210 923 303 983 quam
317 915 513 969 contraxerat
526 910 628 970 locum
642 907 747 981 deligit
760 907 867 979 micui,
887 914 1037 981 utaequa
1052 908 1199 968 circuire·

209 999 259 1051 tur
278 991 317 1050 ab
338 991 478 1052 hostibus
493 1007 594 1066 neque
608 991 789 1066 praeteriret
808 989 1007 1050 adversarius
1023 991 1097 1066 quin
1113 990 1197 1050 anci-

210 1075 324 1151 pitibus
347 1076 425 1134 locis
446 1083 636 1151 premeretur
656 1083 701 1148 et,
729 1074 757 1132 si
779 1073 925 1134 dimicare
944 1089 983 1134 eo
1003 1075 1112 1148 vellet,
1135 1091 1197 1134 uon

209 1160 335 1218 multum
350 1157 465 1219 obesse
479 1159 640 1218 multitudo
655 1158 790 1218 hostium
805 1173 883 1216 suae
897 1157 1042 1231 paucitati
1056 1166 1177 1232 posset.

169 1243 237 1302 vill
321 1242 405 1300 Haec
430 1242 487 1302 etsi
513 1242 765 1317 Autophrodates
790 1239 929 1314 videbat,
966 1248 1067 1300 tamen
1093 1243 1198 1302 statuit

209 1325 356 1400 congredi
369 1341 459 1399 quam
472 1341 541 1384 cum
553 1327 645 1385 tantis
657 1325 756 1400 copiis
767 1324 910 1398 reingere
924 1332 977 1383 aut
991 1333 1050 1386 tam
1065 1325 1120 1384 diu
1135 1343 1198 1386 uno

180 1411 278 1471 alnoo
294 1409 414 1469 sedere.
449 1409 590 1468 Habebat
602 1409 802 1470 harbarorum
816 1409 952 1482 equitum
968 1408 1088 1482 viginti,
1110 1411 1195 1489 pedi-

208 1501 271 1554 tum
283 1498 404 1552 centum
417 1493 499 1552 milia
514 1509 593 1569 quos
606 1493 647 1552 illi
659 1493 809 1552 cordacas
823 1493 981 1566 appellant
994 1491 1199 1568 eiusdemque

208 1577 331 1652 generis
346 1577 404 1634 tria
417 1577 499 1635 milia
513 1577 709 1648 lunditomm
725 1584 886 1651 praeterea
893 1576 1111 1650 Cappadocum
1128 1585 1199 1636 octo

208 1661 306 1735 milia,
325 1661 540 1720 Armeniorum
560 1660 666 1720 decom
687 1661 784 1731 milia,
806 1658 1036 1733 Paphlagonum
1059 1661 1199 1736 quinque

209 1744 306 1818 milia,
334 1743 489 1820 Phrygum]
510 1744 617 1803 decem
638 1744 735 1817 milia,
769 1743 926 1820 Lydorum
948 1744 1085 1819 quinque
1106 1745 1199 1820 milia,

208 1827 438 1902 Aspendiorum
453 1834 485 1886 et
494 1827 664 1888 Pisidarum
680 1826 800 1887 circiter
815 1826 871 1885 tria
881 1826 972 1900 milia,
988 1827 1112 1886 Cilicum
1125 1828 1198 1902 duo,

210 1910 426 1985 Captianorum
441 1912 576 1984 totidem,
598 1927 638 1970 ex
653 1911 784 1970 Graecia
798 1909 1020 1970 conductorum
1036 1913 1102 1984 tria,
1119 1912 1199 1972 levis

180 2000 380 2060 sarmaturae
390 1995 554 2052 maximum
566 2010 733 2054 numerum.
756 1994 820 2054 Has
836 1994 989 2054 adversus
1001 1996 1109 2070 copias
1122 2011 1199 2070 spos

210 2076 311 2138 omnis
332 2077 521 2137 consistebat
534 2076 651 2136 Datami
672 2078 702 2136 in
718 2093 754 2136 se
773 2078 897 2152 locique
913 2087 1029 2138 natura.
1058 2079 1199 2154 Namque

209 2161 300 2221 huius
313 2168 430 2236 partem
443 2176 503 2220 non
516 2159 650 2220 habebat
664 2161 839 2221 vicesimam
852 2161 985 2221 militum.
1007 2162 1126 2236 Quibus
1138 2164 1197 2222 lre-

209 2252 258 2306 tus
273 2244 412 2305 conflixit
425 2245 736 2320 adversariorumque
751 2245 844 2304 multa
858 2244 940 2303 milia
954 2245 1104 2317 concidit,
1127 2261 1199 2306 cum

210 2329 249 2388 de
263 2329 363 2404 ipsius
379 2329 515 2389 exercitu
530 2345 591 2389 non
607 2329 737 2404 amplius
751 2327 908 2388 hominum
923 2329 1004 2388 mille
1022 2330 1198 2389 cecidisset

209 2411 305 2486 Quam
327 2411 367 2470 ob
388 2427 513 2470 causam
534 2419 661 2487 postero
683 2411 734 2472 die
748 2420 907 2487 tropaeum
924 2412 1027 2486 posuit
1048 2430 1111 2488 quo
1127 2415 1198 2474 loco

87 2559 91 2566 ff
179 2494 307 2570 apridie
321 2501 487 2568 pugnatum
502 2503 575 2555 erat
602 2495 681 2556 Hinc
696 2511 764 2556 cum
780 2496 882 2556 castra
895 2494 1045 2558 movisset
1059 2511 1197 2572 semper-

210 2593 271 2653 que
293 2576 419 2638 inlerior
433 2579 534 2654 copiis
548 2581 691 2655 superior
706 2579 849 2640 omnibus
864 2580 990 2654 proeliis
1012 2578 1197 2653 discederet,

210 2662 293 2738 quod
310 2677 475 2737 numquam
495 2679 617 2722 manum
632 2670 817 2738 consereret,
840 2661 899 2723 nisi
915 2679 983 2722 cum
998 2663 1197 2724 adversarios

209 2749 347 2809 locorum
364 2747 513 2822 angustiis
529 2747 701 2821 clausisset,
724 2746 809 2822 quod
823 2748 922 2822 perito
937 2747 1096 2821 reglonum
1113 2748 1196 2808 calli-

180 2831 309 2904 tdeque
338 2831 481 2903 cogitanti
504 2847 600 2906 saepe
627 2830 801 2904 accidebat,
830 2829 1097 2904 Autophrodates,
1127 2847 1196 2890 cum

210 2911 322 2972 bellum
337 2912 408 2972 duci
428 2914 543 2974 maiore
558 2915 640 2990 regis
655 2913 827 2975 calamitate
841 2931 932 2990 quam
948 2914 1198 2974 aduersariorum

208 2993 337 3070 videret‚'
347 3013 452 3071 pacem
464 2998 688 3071 amicitiamque
702 2997 840 3060 hortatus
855 3004 917 3071 cst,
939 3004 973 3057 ut
987 3012 1055 3056 cum
1070 3013 1145 3072 roge
1166 2998 1194 3056 in

180 3079 335 3154 bgratiam
355 3079 477 3140 rediret.
513 3081 609 3154 Quam
629 3080 680 3142 ille
702 3083 759 3142 etsi
780 3082 872 3142 fidam
888 3097 949 3142 non
971 3081 1037 3140 lore
1059 3081 1195 3156 putabat,

208 3169 308 3222 tamen
324 3162 536 3223 condicionem
552 3165 672 3239 accepit
686 3181 784 3240 seque
805 3165 844 3242 ad
859 3167 1060 3226 Arunxernem
1076 3167 1195 3238 legatos

161 3321 165 3328 ι
208 3245 373 3305 missurum
393 3246 477 3306 dixit.
508 3245 559 3306 Sic
574 3247 686 3308 bellum
701 3249 784 3322 quod
805 3263 861 3308 rex
881 3249 1030 3308 adversus
1046 3247 1193 3308 Datamen

208 3335 391 3403 susceperat
411 3329 549 3390 sedatum
571 3338 627 3391 est
655 3331 907 3408 Autophrodates
927 3333 957 3391 in
972 3330 1137 3409 Phrygiam
1159 3346 1195 3392 se

208 3411 334 3485 reecpit.

168 3491 206 3550 lx
289 3496 332 3554 At
349 3509 420 3570 rex,
442 3496 525 3572 quod
548 3497 740 3574 implacabile
760 3498 863 3560 odium
879 3497 908 3558 in
924 3499 1070 3560 Dammen
1087 3513 1191 3558 susce
