2556 3994
172 226 215 290 54
378 224 818 290 xv.t:t>Am1h01tDAS.
844 232 912 288 M,

171 381 295 444 tatibus.
323 380 460 442 Fide-ad
474 380 553 440 aiios
574 377 783 438 subtovmdos
798 392 893 452 saepe
908 377 954 436 sic
969 392 1044 436 usus
1059 385 1107 436 est
1125 382 1157 436 ut
1269 412 1270 480 ,

171 465 297 526 iudicari
323 465 425 541 possit
449 464 552 524 omnia
576 463 604 522 ei
630 477 699 522 cum
723 461 830 520 amicis
857 461 952 522 tuisse
976 459 1155 520 communia.
1269 481 1270 512 ι

144 549 247 612 tham
269 565 338 610 cum
359 556 413 608 out
434 546 545 608 civium
568 562 696 606 suorum
717 545 828 621 aliquis
848 544 887 604 ab
907 543 1047 604 hostibus
1075 550 1158 604 esset

173 638 282 708 captus
302 639 355 694 aut
369 631 455 706 virgo
475 630 566 691 aurici
581 629 692 690 nubitis
708 643 788 704 quae
802 635 929 704 propter
948 634 1158 702 paupertatem
1270 674 1271 696 ,

173 716 318 779 collocari
343 732 405 775 non
431 722 555 789 posset,
593 713 761 774 amicormn
791 712 952 773 consilimu
973 711 1109 771 babebat
1129 718 1161 770 et

144 805 319 875 tonantum
334 799 467 875 quisque
482 798 570 857 daret
583 812 639 873 pro
656 795 849 857 facultatibus
866 795 1044 870 imperabat.
1070 794 1159 854 Eam-

93 923 96 932 ,
174 898 234 958 que
242 898 390 944 summam
399 897 468 942 curn
481 882 603 957 fecerat,
617 881 807 956 [priusquam
819 880 973 954 acciperet
984 878 1159 954 pecuniam]

173 965 346 1027 adducebat
367 981 437 1025 eum
452 965 503 1041 qui
520 965 688 1038 quaerebat
702 965 742 1046 ad
756 979 812 1023 eos
828 965 880 1040 qui
902 961 1104 1023 conterebant
1117 961 1160 1020 ei·

174 1065 234 1124 que
255 1056 287 1110 ut
308 1049 369 1126 ipsi
390 1056 586 1110 numerarent
608 1047 755 1121 iaciebat,
778 1054 811 1107 ut
830 1047 936 1108 itlead
950 1062 1041 1121 quem
1056 1059 1160 1106 eures

172 1134 372 1208 perveniebat
385 1134 479 1193 sciret
493 1140 640 1206 quantum
656 1132 767 1206 cuique
782 1131 917 1192 deberet

132 1221 171 1282 iv
254 1218 412 1292 Terrnptata
433 1222 534 1276 autem
556 1216 623 1276 eius
645 1223 693 1276 cst
714 1215 898 1276 abstinentia
917 1231 937 1274 a
957 1214 1161 1275 Diomedonte
1272 1239 1273 1264 1

173 1299 335 1378 cyziceno.
365 1300 440 1359 Nam
455 1300 482 1359 is
496 1305 607 1373 rogatu
620 1299 802 1358 Artaxerxis
816 1299 900 1374 regis
915 1298 1161 1372 Epaminondam

172 1383 305 1458 pecunia
320 1383 575 1458 corrumpendum
591 1390 782 1458 susceperat.
802 1383 859 1442 Hic
874 1398 984 1458 magno
1000 1398 1068 1441 omn
1081 1398 1160 1456 pon-

145 1535 150 1550 ,
173 1466 246 1527 dere
262 1468 327 1525 auri
334 1467 455 1526 Thebas
471 1467 554 1526 venit
569 1473 599 1526 et
608 1465 777 1544 Micythum
792 1466 1055 1526 adulescentulum
1071 1465 1160 1542 quin-

173 1565 233 1626 que
244 1549 364 1609 talentis
379 1549 418 1608 ad
434 1566 521 1610 suam
533 1549 679 1625 perduxit
693 1550 888 1625 voluntatem,
902 1567 992 1624 quem
1005 1557 1065 1610 tum
1077 1550 1159 1625 Epa-

141 1633 332 1695 nminondas
354 1632 516 1710 plurimum
536 1632 689 1708 diligebat.
737 1633 892 1712 Micythus
913 1634 1158 1710 Epaminondam

172 1718 314 1778 convenit
335 1723 364 1777 et
386 1733 511 1776 causam
533 1716 684 1776 adventus
705 1717 916 1779 Diomedontis
938 1719 1080 1780 ostendit
1117 1722 1162 1778 At

171 1800 221 1861 ille
236 1800 429 1862 Diomedonti
445 1815 549 1860 coram
564 1801 647 1862 Nihil
663 1800 760 1877 inquit
772 1819 847 1878 opus
854 1806 985 1878 pecunia
1001 1810 1054 1864 est.
1079 1803 1158 1864 Nam

170 1887 197 1945 et
216 1901 274 1944 rex
294 1903 331 1946 ea
354 1888 415 1945 uult
424 1902 501 1960 quae
514 1885 740 1946 Debanis'sent
749 1889 842 1961 utilia,
858 1891 957 1961 eratis
969 1887 1077 1961 secere
1093 1903 1160 1948 sum

165 1973 314 2045 paratus:
330 1971 377 2027 sin
392 1976 490 2030 aetem
502 1971 666 2042 contraria,
681 1985 740 2030 non
750 1971 840 2032 habet
853 1974 1023 2046 uariatque
1040 1973 1161 2044 arpenti

169 2054 250 2112 setis.
288 2051 421 2126 Namque
444 2053 523 2112 orbtr
545 2057 696 2114 terrarum
717 2055 836 2115 divitias
856 2058 995 2131 coemere
1014 2057 1081 2114 nota
1099 2069 1160 2130 pro

140 2143 157 2197 a
165 2138 288 2214 petrice
307 2136 442 2196 caritate.
468 2133 512 2196 Te
533 2137 614 2211 quod
632 2153 679 2198 me
700 2141 878 2214 rneoenitem
896 2142 1044 2216 temptasti
1058 2141 1159 2213 tuique

169 2222 291 2280 similent
303 2221 484 2294 existimasti,
502 2235 560 2282 reon
571 2223 666 2282 miror
676 2223 784 2298 tibique
795 2225 931 2298 teroem,-
951 2223 1159 2297 sedepredere

165 2319 309 2380 propere,
328 2321 365 2364 ee
385 2307 461 2366 alios
476 2321 666 2382 corrumpas,
684 2323 750 2366 cem
765 2323 812 2368 me
829 2324 887 2367 non
903 2309 1044 2382 potueris.
1066 2306 1107 2364 Et
1117 2312 1158 2378 tu,

168 2387 307 2462 Micytbe,
325 2395 482 2461 arpentum
498 2390 569 2451 heic
585 2391 687 2466 redde,
707 2397 767 2464 aut,
784 2393 845 2452 nisi
854 2392 888 2451 td
902 2391 1055 2464 confestim
1063 2389 1158 2462 sacis,

142 2479 222 2543 teeo
233 2476 260 2530 te
271 2471 391 2530 tradem
402 2475 599 2546 manistretni.
623 2474 709 2534 Hunc
721 2474 892 2535 Diomedon
909 2490 977 2534 cum
991 2479 1115 2548 rogaret
1126 2480 1160 2532 ut

85 2607 88 2612 ,
168 2559 231 2613 tuto
255 2551 340 2612 exire
368 2569 487 2630 suaque
507 2571 587 2629 quae
615 2557 754 2619 attulerat
783 2558 888 2618 liceret
917 2555 1042 2630 efferre,
1069 2556 1160 2617 Istud

168 2637 285 2714 quidem
301 2637 397 2714 inquit
408 2638 534 2714 faeiem,
552 2659 646 2718 neque
662 2647 714 2703 tue
727 2659 823 2704 caesa
838 2644 894 2704 sed
908 2658 984 2716 mea,
1001 2657 1048 2714 ne,
1065 2642 1093 2700 si
1105 2641 1160 2699 tibi

167 2723 205 2782 sit
219 2726 349 2798 pecunie
369 2723 520 2800 adempta,
545 2728 653 2801 attente
668 2728 750 2789 dieat
765 2728 799 2789 te
810 2727 855 2788 ad
866 2742 913 2786 nte
925 2731 1059 2802 ereptum
1077 2736 1157 2798 per-

137 2808 278 2870 tvem'sse
291 2807 372 2882 qaod
381 2808 512 2870 delatam
524 2813 664 2886 accepere
673 2809 839 2872 noluissem.
859 2813 889 2869 A
901 2824 963 2884 quo
980 2823 1048 2868 curn
1060 2820 1156 2880 quae·

166 2886 259 2949 sisset
275 2903 336 2964 quo
352 2905 387 2949 se
402 2890 514 2953 deduci
530 2894 622 2954 vellet
635 2901 666 2954 et
680 2894 730 2955 illc
744 2894 881 2954 Athenas
898 2891 1037 2965 dixisset,
1063 2903 1155 2964 prae·

166 2969 277 3031 sidium
298 2971 399 3046 dedit,
429 2983 462 3036 ut
483 2983 545 3038 tuto
568 2978 751 3054 perveniret
799 2979 906 3052 Neque
928 2990 1001 3036 vero
1026 2973 1058 3033 id
1080 2973 1157 3046 satis

164 3051 270 3116 haiath
290 3055 346 3118 sed
367 3055 457 3118 etiam
478 3068 510 3122 ut
527 3061 692 3122 inviolatus
713 3061 752 3120 in'
765 3077 875 3121 navem
897 3058 1080 3120 escenderet
1100 3071 1158 3130 per

165 3137 325 3200 Chabriam
340 3138 558 3205 Atheniensem
577 3146 616 3207 de
631 3159 693 3222 quo
708 3161 805 3222 supra
824 3142 1010 3204 mentionem
1025 3140 1155 3200 fecimus

135 3220 273 3285 seneen.
308 3222 530 3288 Abstinentiae
541 3228 597 3290 erit
611 3229 672 3289 hoc
687 3227 762 3290 satis
778 3223 994 3289 testimonium.
1024 3223 1158 3283 Plurima

164 3305 289 3381 quidem
310 3309 450 3386 proferre
469 3327 648 3389 possumus,
669 3311 728 3372 sed
748 3312 859 3373 modus
882 3307 1078 3371 adhibendus
1098 3312 1158 3378 est,

163 3389 308 3463 quoniam
329 3408 390 3453 uno
413 3392 474 3456 hoc
496 3395 651 3458 volumine
674 3396 766 3456 vitam
786 3392 1001 3454 excellentium
1020 3392 1158 3451 virorum

162 3473 365 3549 complurium
392 3479 580 3542 concludere
602 3469 825 3546 constituimus,
837 3491 968 3552 quorum
990 3473 1158 3550 separatim
