2534 4010
374 275 743 342 theodorinus.
1008 276 1051 342 td

67 431 180 494 duceni
189 443 346 492 summum
360 428 539 504 Agesilaum
553 427 713 504 impedivit
724 441 882 503 saepeque
896 427 963 496 eius
979 441 1053 489 con-

66 515 142 578 siliis
167 513 302 583 obstitis
321 526 423 588 neque
443 527 519 574 vero
541 528 604 576 uon
625 512 681 574 luit
701 518 848 588 apertum,
871 513 898 572 si
918 511 970 572 ille
990 525 1052 572 non

66 599 187 672 luisset,
204 595 383 672 Agesilaum
398 596 506 656 Asiam
519 595 619 658 Tauro
635 602 725 658 tenus
739 596 805 670 regi
821 595 918 657 luisse
932 601 1052 672 ereptu-

66 697 143 744 rum.
180 680 237 755 Qui
259 686 462 757 posteaquam
483 680 607 742 domurn
626 695 646 740 a
665 680 731 746 suis
752 679 870 740 civibus
891 683 1088 742 revocatus't

65 773 129 840 est,
152 765 239 839 quod
258 763 379 824 Boeotii
395 770 426 822 et
443 763 649 826 Athenienses
668 763 920 826 Lacedaemoniis
941 762 1056 824 bellum

66 846 375 922 indixerant,.Conon
389 846 483 908 nihilo
496 847 598 908 secius
609 847 693 922 apud
704 847 878 922 praefectos
889 847 971 922 regis
986 862 1055 908 ver-

66 932 196 993 sabatur
209 930 477 1005 hisqueomnibus
489 931 622 990 maximo
638 935 703 990 erat
712 931 793 992 usui.

125 1016 291 1076 Deiecerat
304 1029 406 1089 areae
415 1014 648 1090 Tissaphernes,
659 1029 761 1090 neque
771 1015 804 1076 id
814 1019 875 1074 tam
885 1015 1098 1074 Artaxerxilll
1155 1041 1157 1047 ⁸

66 1114 162 1175 quam
171 1099 284 1160 ceteris
296 1104 361 1158 erat
372 1105 520 1172 apertiun.
540 1098 644 1159 Multis
656 1097 737 1158 enim
748 1097 929 1173 magnisque
940 1098 1055 1158 meritis

66 1183 154 1259 apud
166 1197 288 1258 regem,
309 1181 400 1240 etiam
422 1197 491 1242 oum
507 1181 661 1242 insiticio
675 1196 737 1242 non
751 1187 902 1257 maneret,
923 1181 1067 1254 valebat,

67 1267 176 1342 Neque
190 1267 224 1326 id
236 1264 417 1337 mirandum,
439 1266 467 1324 si
481 1279 543 1326 non
558 1265 648 1326 lucile
663 1265 703 1325 ad
718 1265 906 1330 credendum
921 1266 1055 1326 adduce·

66 1349 159 1410 batur
166 1348 368 1408 reminiscens
381 1348 447 1408 eius
459 1365 496 1408 se
510 1363 606 1425 opera
621 1349 733 1425 cyrum
744 1349 865 1412 tratrem
878 1363 1055 1424 superasse.

66 1433 166 1493 Huius
192 1431 359 1508 accusandi
385 1432 481 1506 gratia
502 1432 607 1492 conon
631 1447 652 1492 a
670 1431 870 1496 Pharnabazo
892 1433 933 1494 ad
952 1443 1087 1508 regenti

67 1518 185 1576 missus
200 1521 403 1591 posteaquam
420 1516 516 1589 venit,
533 1517 663 1591 primum
682 1531 722 1575 cx
741 1529 827 1576 more
839 1515 1001 1578 Pensatum
1015 1515 1057 1576 ad

68 1599 278 1671 chiliarchum,
301 1599 353 1674 qui
374 1599 545 1660 secundum
559 1600 688 1675 gradum
708 1599 827 1676 imperii
846 1599 984 1674 tenebat,
1005 1599 1054 1660 tl·-
1092 1621 1094 1628 ·

66 1683 238 1743 thraustem
251 1683 384 1742 accessit
395 1698 492 1758 seque
506 1683 640 1745 ostendit
654 1699 723 1744 cum
735 1698 808 1758 rege
819 1684 954 1758 colloqui
964 1683 1055 1743 velle.

66 1767 166 1827 Nemo
187 1767 268 1830 enirn
293 1766 360 1826 sine
382 1767 440 1828 hoc
459 1768 632 1828 admittitur.
674 1765 752 1830 Huic
770 1767 822 1829 ille
846 1768 939 1828 Nulla
960 1766 1089 1842 inquito

66 1866 155 1912 mora
173 1857 234 1921 est,·
253 1850 309 1912 sed
323 1856 355 1911 tu
372 1851 505 1912 delibero
522 1858 622 1912 omum
638 1853 766 1926 rodmar·
781 1853 873 1935 mol&
884 1865 925 1910 cot
932 1867 992 1926 per
1002 1853 1056 1913 ld-
1149 1909 1156 1916 .

67 1937 472 2010 terasaperequocooqitcs.
505 1935 629 1997 Necesse
639 1940 683 1996 est
691 1935 858 2010 animala
869 1940 1057 2011 conspectum

67 2022 195 2093 cm,
212 2020 357 2080 conmori.
366 2025 394 2078 te
409 2032 509 2094 repent
520 2019 618 2094 (quod
629 2011 854 2098 προςκύνησιν
865 2019 908 2079 illi
919 2023 1057 2092 vocant).

68 2103 137 2163 Hoc
151 2105 180 2162 si
195 2104 248 2164 teht·
259 2119 354 2176 proce
369 2110 426 2175 est,
446 2120 505 2178 per
521 2119 568 2165 mc
584 2103 676 2164 nihilo
692 2105 787 2164 secius
802 2104 890 2164 editis
905 2104 1057 2166 maduo

68 2189 209 2259 monotes
224 2187 305 2262 quod
318 2187 428 2246 studes.
470 2185 545 2246 Tum
564 2187 670 2246 Conon
691 2187 772 2245 Mitt
786 2202 855 2246 cero
878 2186 985 2260 inquit
998 2201 1057 2248 oon
1070 2195 1088 2250 4

69 2279 114 2331 est
121 2285 218 2344 prove
227 2271 505 2345 quemobltonorem
515 2271 624 2330 babere
634 2271 718 2342 rapi:
733 2270 793 2329 ‘sed
801 2269 916 2342 omcm‚'
930 2286 968 2330 nc
978 2271 1057 2331 cici-

70 2356 128 2414 tatr'
141 2369 225 2414 meae
240 2355 279 2414 ait
294 2353 468 2430 opprobrio,
491 2357 530 2426 si,
548 2369 616 2414 oum
632 2369 672 2412 ex
687 2367 725 2412 ea
740 2355 796 2416 am
810 2351 964 2428 profectur
980 2367 1058 2430 quoe

69 2439 177 2499 ceteris
201 2437 338 2510 ocnttbtcs
363 2439 514 2512 imperare
540 2438 703 2509 coaccrtt,
730 2439 833 2513 potius
860 2437 1058 2500 barbarorum

70 2521 253 2662 quomdillius
263 2521 480 2594 morefunpor.
498 2521 605 2595 ltaque
617 2534 696 2594 quae
709 2518 781 2582 huic
794 2520 927 2596 volebat,
942 2521 1058 2597 scripta

71 2603 152 2664 tradi
178 2603 208 2661 't.
421 2603 430 2618 ‘
588 2609 590 2614 '

137 2685 254 2761 Quibus
271 2687 400 2762 cognitis
412 2704 467 2748 rex
481 2695 596 2749 tantum
608 2687 786 2750 auctoritate
801 2687 867 2747 eius
882 2693 982 2748 motus
994 2691 1049 2759 est,
1058 2690 1100 2750 lv

70 2777 106 2832 ut
126 2777 157 2830 et
181 2769 418 2846 Tissaphernem
441 2773 561 2833 hostem
586 2771 726 2834 iudicarit
747 2778 778 2831 et
796 2771 1058 2832 Lacedaemonios

70 2853 154 2914 bello
173 2854 318 2929 persequi
332 2853 456 2916 iusserit
472 2863 502 2916 ot
513 2856 541 2916 ei
556 2851 727 2931 permiserit
741 2869 831 2929 quem
840 2854 934 2916 vellet
947 2855 1061 2932 eligere

72 2938 114 2998 ad
129 2937 376 3012 ⁴dispensandam
389 2940 562 3014 pecuniam.
596 2941 632 3000 ld
646 2938 803 3000 arbitrium
817 2937 924 2998 conon
937 2937 1061 3014 negavit

74 3022 122 3082 sui
134 3035 207 3082 esse
219 3021 338 3082 consilii
350 3022 406 3082 sed
419 3023 525 3098 ipsius,
535 3023 587 3099 qui
599 3023 712 3098 optime
724 3035 801 3084 suos
813 3036 909 3084 nosse
917 3021 1058 3092 deberem

73 3105 130 3165 sed
145 3119 182 3164 se
196 3105 336 3178 suadere,
351 3103 549 3168 Pharnabazo
564 3106 596 3166 id
606 3103 720 3181 negotii
738 3106 832 3166 daret.
853 3105 932 3165 Hinc
942 3105 1060 3182 magnis
1075 3122 1093 3175 i

72 3187 251 3248 muneribus
263 3188 395 3249 donatus
409 3190 449 3249 ad
460 3205 545 3251 mare
559 3197 606 3250 est
615 3190 739 3264 niissus,
754 3196 788 3252 ut
795 3188 915 3266 cypriis
927 3189 1059 3250 etPhoe·

73 3271 194 3331 uicibus
208 3271 381 3348 ceterisque
390 3273 548 3334 maritimis
561 3273 733 3335 civitatibus
744 3273 832 3334 navis
844 3273 952 3348 longas
964 3272 1059 3347 impe·

72 3360 157 3415 raret
174 3355 370 3431 classemque
391 3372 453 3432 qua
471 3357 612 3433 proxima
633 3363 749 3418 aestate
764 3371 847 3416 mare
860 3355 937 3416 tueri
952 3362 1073 3430 posset·

73 3444 269 3513 compararet
282 3438 353 3500 dato
368 3440 509 3501 adiutore
518 3441 726 3515 Pharnabazo,
742 3440 899 3515 sicutipse
909 3439 1058 3500 voluerat

73 3521 109 3582 ld
130 3529 167 3582 ut
184 3521 437 3583 Lacedaemoniis
458 3531 505 3584 est
525 3525 707 3601 nuntiatum,
730 3540 792 3588 non
815 3522 883 3584 sine
902 3537 976 3584 cura
996 3530 1095 3585 remit

117 3618 282 3668 connum.
877 3615 896 3670 a
