2556 3994
334 277 449 341 -xvuu
470 277 704 344 numanus.
724 289 794 344 aa.
1024 275 1066 345 et
1151 299 1156 306 ·
1262 246 1263 254 ‘

68 436 135 503 rat,
155 428 338 490 Perdiccam
362 444 401 490 ex
423 447 487 506 quo
508 445 617 493 omnes
642 431 838 493 coniecerant
853 447 922 493 eum
936 441 1093 508 regnuml

69 513 100 573 ei
122 513 319 573 commisisse
341 517 445 589 quoad
465 513 553 575 liberi
575 517 642 576 eius
664 518 695 577 ln
713 533 800 577 suam
815 518 940 577 tutelam
956 531 1063 594 perve-

69 598 209 657 nissenta
231 597 359 658 aberant
380 599 460 658 enim
475 599 620 662 Crateras
634 607 665 660 et
678 601 854 676 Antipater,
877 600 930 676 qui
945 608 1064 661 antece-

70 683 149 742 dere
168 679 251 741 hunc
271 682 469 755 videbantur,
497 689 636 744 mortuus
658 690 724 746 erat
744 683 950 760 Hephaestio,
973 699 1066 759 quem

71 781 169 826 uuum
183 766 371 840 Alexander,
388 767 473 842 quod
488 769 578 828 laeile
593 769 727 844 intellegi
743 777 867 844 posset,
879 768 1005 846 plurimi
1021 768 1064 826 ie-

71 857 174 910 cerat=
197 849 257 910 hoc
270 858 410 928 tempore
425 851 497 912 data
510 859 560 913 est
572 851 700 912 Eumeni
717 853 914 940 Cappadocia
929 854 995 913 sive
1010 868 1065 926 po·

70 935 135 994 tius
151 935 243 994 dieta.
265 933 342 994 Nam
356 942 418 995 tum
433 935 464 994 in
479 935 613 996 hostiurn
629 942 695 997 erat
711 943 871 1011 potestate.
904 937 993 997 Hune
1008 935 1095 996 sibid

72 1017 240 1078 Perdiccas
269 1019 452 1080 adiunxerat
478 1036 590 1095 magno
619 1021 739 1095 studio,
772 1022 857 1096 quod
885 1021 915 1080 in
944 1021 1066 1082 hunnine

73 1103 168 1162 iidem
191 1108 222 1162 et
243 1103 422 1163 industriam
444 1117 586 1178 maguam
608 1105 745 1177 videbat,
771 1121 833 1165 nan
855 1104 1014 1178 dubitans,
1039 1103 1066 1162 si

73 1201 145 1246 eum
167 1187 362 1260 pellexisset,
386 1201 497 1263 magno
519 1188 589 1249 usui
610 1187 677 1248 iore
698 1189 756 1248 sibi
778 1189 806 1248 in
826 1189 863 1249 iis
879 1189 971 1250 rebus
988 1202 1065 1262 alteas

73 1269 256 1348 apparabat.
291 1271 449 1346 cogitabat
469 1273 564 1346 enim,
587 1273 671 1347 quod
693 1274 757 1332 lere
780 1287 886 1334 omnes
902 1273 932 1332 in
948 1271 1066 1346 magnis

71 1354 212 1430 uaporis
238 1356 476 1438 concttpiscunt‚
509 1356 642 1416 omnium
667 1358 763 1430 partis
790 1357 947 1432 corripere
972 1364 1063 1430 atque

72 1439 249 1514 complecti.
271 1439 378 1514 Neque
395 1455 468 1498 uero
484 1440 543 1500 hoe
559 1441 608 1499 ille
624 1440 711 1500 solus
728 1439 800 1501 lecit
813 1440 871 1500 sed
883 1440 975 1500 ceteri
987 1439 1093 1512 qam-4

75 1539 138 1597 que
153 1537 262 1583 onrues
280 1523 332 1600 qui
345 1523 513 1582 Alexandri
529 1525 649 1583 iuerant
665 1523 761 1584 amici.
793 1525 912 1584 Primus
927 1525 1065 1585 Leonna-

75 1615 126 1667 tus
146 1607 363 1668 Macedoniam
385 1622 616 1684 praeoccupare
636 1607 885 1683 praedestinavit.
919 1609 949 1666 ls
964 1607 1066 1666 multis

75 1691 261 1768 magnisque
287 1691 557 1767 pollicitationibus
588 1692 776 1767 persuadere
799 1691 929 1751 Eumeni
953 1689 1069 1750 studuit

74 1784 108 1836 ut
118 1775 299 1836 Perdiccam
315 1777 472 1835 desereret
486 1791 523 1835 ac
539 1791 645 1836 secum
660 1777 773 1836 laceret
784 1776 971 1836 societatem
994 1771 1096 1856 Cuma

76 1861 251 1934 perducere
271 1875 341 1920 eum
364 1875 425 1920 non
448 1867 571 1934 posset,
597 1859 769 1918 interlicere
794 1866 922 1921 conatus
945 1863 1002 1916 est.
1031 1855 1068 1915 El

75 1945 220 2017 iecisset,
238 1944 297 2004 nisi
314 1944 363 2003 ille
379 1945 456 2003 clam
471 1949 564 2004 noctu
580 1957 618 2002 ex
634 1942 798 2018 praesidiis
815 1943 880 2002 eius
897 1941 1065 2015 effugisset.

161 2029 284 2089 interim
299 2025 434 2088 conilata
445 2021 579 2088 suptilia
588 2027 669 2087 bella
681 2042 760 2102 quae
771 2029 810 2087 ad
822 2025 1060 2088 internecionem
1072 2023 1112 2084 lll

75 2119 150 2193 post
170 2113 339 2172 Alexandri
365 2119 492 2174 mortem
514 2118 601 2187 gesta
622 2119 693 2171 sunt
714 2127 883 2186 omnesque
905 2123 1068 2170 concurre·

74 2206 148 2258 runt
173 2198 212 2256 ad
234 2195 411 2256 Perdiccam
439 2196 683 2272 opprimendum.
719 2194 814 2266 Quem
840 2193 896 2252 etsi
918 2191 1069 2250 infirmum

76 2281 218 2354 videbat,
243 2281 326 2355 quod
348 2297 427 2340 unns
444 2281 586 2338 erroribus
601 2279 746 2336 resistere
764 2277 947 2352 cogebatur,
969 2283 1069 2334 tamen

76 2366 212 2425 arricum
231 2371 301 2425 nan¹
314 2364 451 2424 deseruit
471 2379 573 2438 neque
595 2362 702 2420 salutis
719 2375 811 2434 quarn
826 2360 898 2419 iidei
914 2359 970 2418 luit
985 2357 1069 2432 etapi-

75 2451 157 2510 dior.
179 2449 374 2508 Praeleeerat
389 2449 469 2508 launo
481 2445 644 2507 Perdiccas
661 2443 689 2503 ei
703 2445 781 2519 parti
793 2446 888 2504 Asiae
901 2458 981 2518 quae
993 2441 1100 2504 intera

75 2535 212 2594 'laturum
233 2537 367 2592 montem
388 2533 467 2593 iacet
482 2540 573 2606 atque
588 2531 820 2605 Hellespontum
837 2533 866 2588 et
880 2527 962 2589 illum
977 2541 1070 2585 unum

77 2625 274 2695 opposuerat
292 2615 465 2691 Europaeis
493 2613 689 2677 adversariis.
723 2613 794 2688 lpse
816 2614 994 2688 Aegyptum
1015 2625 1070 2682 ap·
1172 2643 1179 2650 -

75 2705 251 2778 pugnatum
266 2701 417 2762 adversus
429 2702 634 2761 Ptolemaeum
652 2702 717 2757 erat
728 2697 896 2771 proiectus.
917 2693 1070 2752 Eumenes
1085 2697 1103 2752 3
1143 2741 1147 2748 .

77 2803 151 2848 eum
166 2800 270 2861 neque
284 2799 411 2858 magnas
428 2785 535 2860 copias
550 2797 652 2856 neque
665 2781 771 2840 firmas
785 2778 926 2851 haberet,
944 2775 1028 2852 rqtrod
1042 2783 1072 2834 et

76 2869 301 2930 inexercitatae
321 2875 351 2927 et
366 2885 427 2928 non
448 2869 542 2929 urulto
559 2874 629 2926 ante
645 2870 732 2924 erant
746 2867 935 2934 contractae,
957 2860 1071 2920 adven·

78 2961 147 3016 ture
172 2961 274 3015 autem
299 2953 473 3012 dicerentur
494 2951 791 3024 Hellespontumque
815 2943 965 3004 transisse
986 2943 1071 3003 Anti-

80 3053 172 3116 parer
194 3051 224 3098 et
239 3037 381 3098 Crateros
403 3051 516 3110 magno
539 3049 609 3094 etum
624 3047 761 3090 exercitu
775 3029 993 3101 Macedonum,
1015 3023 1073 3086 viri

81 3139 153 3184 eum
174 3127 311 3182 claritate
334 3127 396 3181 tum
411 3136 470 3180 usu
485 3118 557 3178 belli
573 3121 765 3193 praestantes
781 3111 981 3186 (Macedones
998 3123 1072 3167 vero
1087 3111 1105 3166 4

80 3207 194 3266 milites
219 3211 342 3265 eatam
368 3212 455 3264 erant
479 3203 560 3262 lama
583 3215 645 3274 qua
667 3213 748 3257 nuno
768 3193 897 3260 Romani
921 3196 1072 3288 seruatum
1096 3269 1100 3278 ⁴

80 3291 195 3352 etenim
216 3301 339 3364 semper
358 3285 452 3348 habiti
467 3292 539 3347 sunt
553 3281 709 3346 tortissimi
724 3281 777 3356 qui
792 3294 941 3340 sommam
955 3275 1074 3350 imperii

82 3375 284 3450 potirenturle
299 3371 453 3432 Eumenes
468 3366 671 3443 intellegebat,
687 3365 714 3426 si
726 3365 835 3438 copiae
850 3375 926 3423 suae
941 3371 1073 3432 cognas-

83 3467 155 3520 sent
169 3457 320 3518 adversus
336 3471 417 3531 quos
434 3456 628 3524 ducerentur,
644 3463 705 3509 nen
721 3447 814 3509 modo
829 3461 891 3504 nan
904 3445 1001 3512 ¹ituras
1018 3439 1075 3502 sed
1100 3511 1104 3520 ,

84 3543 177 3638 simul
202 3559 271 3602 eum
296 3539 401 3599 nuntio
428 3537 613 3613 dilapsuras.
644 3533 751 3610 itaque
775 3529 886 3670 hecel
908 3526 1006 3586 visum
1029 3527 1104 3585 ests
1184 3527 1188 3544 '
