2534 4010
424 255 465 315 V:
486 251 640 330 CIMON.
674 265 699 316 ι.
714 265 741 316 ι.
756 261 783 316 t.
857 316 860 322 ,
1048 253 1088 316 19

96 405 198 468 Huius
220 407 354 483 coniugii
369 405 500 482 cupidus
517 407 626 467 Callias
643 407 782 484 quidam,
804 421 865 468 non
881 413 941 466 tom
957 417 1073 481 genero
1099 413 1117 470 a

96 507 154 552 sus
178 505 269 567 quam
291 492 498 567 pecuniosus,
519 491 571 567 qui
592 505 721 566 magnas
741 491 890 565 pecunias
905 505 944 550 cx
959 490 1088 570 metallis

95 577 230 649 fecerat,
252 576 314 650 egit
336 591 405 635 cum
420 575 560 649 Cimone,
579 581 613 636 ιιι
627 589 694 634 earn
710 573 769 634 sibi
784 587 912 636 uxorem
928 574 1031 642 daret;
1057 572 1088 632 ld

95 660 123 720 si
137 659 351 733 impetrasset,
374 674 409 718 se
431 673 488 734 pro
511 659 562 718 illo
577 659 740 734 pecuniam
757 660 936 733 soluturum.
972 658 1006 716 ls
1020 665 1117 720 cums

95 744 188 802 talem
205 743 419 804 condicionem
434 748 660 818 aspernaretur,
674 741 814 818 Elpinice
828 742 951 817 negavit
966 755 1000 802 se
1016 755 1087 816 pas-

95 842 203 887 suram
228 825 373 888 Miltiadis
399 826 578 902 progeniem
603 826 633 885 in
658 825 769 886 uinclis
797 826 929 901 publicis
954 825 1087 899 laterbe,

95 909 243 987 quoniam
257 910 421 986 prohibere
435 917 559 986 posset,
574 925 672 992 seque
687 907 799 969 ballium
814 916 993 985 nupturam,
1009 909 1035 968 si
1051 923 1088 968 ea

95 1009 178 1072 quae
193 996 388 1069 polliceretur
402 995 672 1069 praestitisset.

181 1079 244 1138 Tali
259 1079 353 1138 modo
368 1079 509 1139 custodio
523 1079 669 1138 liberatus
683 1077 787 1137 Cimon
800 1076 940 1138 celeriter
951 1077 991 1136 ad
1006 1077 1087 1152 prin-
1103 1074 1128 1138 ll

95 1169 230 1239 crpatum
253 1163 401 1238 pervenit.
431 1161 573 1222 Habebat
587 1161 667 1220 enim
682 1161 757 1220 setis
773 1158 983 1236 eloquentiae,
1005 1175 1087 1221 sum—

93 1263 175 1306 mam
197 1247 422 1321 liberalitatem,
443 1261 585 1320 magnam
606 1245 798 1321 prudentiam
815 1260 884 1306 cum
898 1244 974 1305 iuris
990 1244 1087 1306 civilis

95 1342 158 1391 tum
180 1330 227 1390 rei
241 1329 394 1407 militaris,
419 1330 503 1405 quod
522 1335 591 1390 cum
605 1335 693 1405 patre
707 1345 727 1390 a
740 1343 838 1404 puero
854 1330 884 1389 in
901 1328 1087 1390 exercitibus

93 1416 196 1477 fuerat
216 1421 368 1474 uersatus.
397 1415 505 1489 ltaque
525 1413 575 1474 hic
596 1422 627 1474 et
647 1415 796 1488 populum
818 1413 968 1474 urbanum
985 1414 1013 1472 in
1031 1427 1088 1472 suo
1109 1427 1112 1432 ·

93 1499 194 1560 tenuit
207 1503 360 1574 potestate
375 1504 407 1558 ct
419 1498 503 1574 apud
518 1499 685 1558 exercitum
701 1497 864 1573 plurimum
875 1498 971 1558 vultrit
982 1503 1083 1558 aucto-

93 1583 194 1643 ritate.
221 1581 354 1642 Primum
370 1583 537 1657 imperator
551 1583 636 1658 apud
650 1581 765 1642 flumen
782 1581 947 1661 Strymona
959 1580 1116 1656 magnast

94 1665 205 1742 copias
219 1665 369 1726 Threcum
392 1667 524 1741 fugarit,
547 1667 695 1742 oppidum
711 1665 909 1741 Amphipolin
932 1665 1088 1727 constituit
1198 1683 1202 1692 ·

92 1766 198 1826 eoque
213 1752 321 1810 dacem
336 1749 417 1810 milia
431 1750 686 1810 Atheniensium
678 1767 707 1810 m
725 1751 876 1810 coloniam
892 1750 981 1809 misit
1004 1748 1086 1808 Idem

93 1835 204 1896 iterum
226 1835 310 1932 apud
324 1833 465 1912 Mycalen
483 1834 666 1912 Cypriorum
689 1840 719 1894 et
731 1833 919 1893 Phoenicum
942 1832 1086 1892 ducentu-

93 1935 162 1980 rum
186 1919 310 1978 nauium
333 1919 464 1978 classem
489 1917 640 1989 (ιιιιιιιιιιι
664 1917 745 1992 cepit
766 1909 938 1990 eodemque
956 1916 1006 1976 die
1020 1915 1086 1992 pari

93 2002 240 2064 fortuna
232 2019 261 2062 m
276 2009 363 2065 terra
372 2018 450 2064 usus
465 2008 522 2062 est.
544 2001 683 2078 Namque
697 2000 831 2062 hostium
846 2000 976 2061 natibus
989 2001 1117 2076 captiss

94 2087 196 2148 statim
212 2101 250 2146 ex
267 2088 369 2147 classe
384 2087 491 2162 copias
508 2102 582 2147 snas
598 2085 705 2146 eduxit
715 2086 980 2160 barbarorumque
991 2085 1086 2144 moxi·

94 2187 175 2230 mam
197 2171 257 2230 tim
279 2187 342 2232 uno
365 2186 518 2232 concursu
540 2170 715 2246 prostrauit.
750 2169 815 2242 Qua
835 2169 964 2228 uictoria
978 2175 1117 2242 magnai

95 2254 214 2329 praeda
233 2255 349 2328 potitus
372 2270 440 2314 cum
456 2255 581 2315 domum
593 2260 814 2326 reverteretur,
837 2250 994 2327 quodiam
1011 2265 1086 2311 non·

94 2337 197 2398 nullae
224 2339 344 2398 insulae
372 2343 501 2414 propter
528 2338 724 2398 acerbitatem
754 2335 873 2411 imperii
901 2334 1085 2414 defecerant,

96 2423 174 2482 bene
197 2422 345 2482 animatos
367 2421 574 2497 confirmauit,
596 2422 743 2481 alienatas
766 2421 806 2480 ad
829 2418 965 2480 officium
983 2419 1086 2480 redire

94 2506 204 2581 coegit.
241 2504 388 2584 Scyrum,
412 2519 504 2581 quam
526 2521 563 2567 eu
584 2513 723 2580 tempore
743 2505 881 2580 llolopes
902 2502 1117 2578 incolebantur

95 2591 180 2666 equod
197 2592 409 2651 contumacius
424 2605 459 2650 se
474 2597 650 2664 gesserant,
670 2588 855 2662 vacuefecit,
872 2601 1016 2647 sessores
1031 2601 1085 2646 ve-

93 2681 177 2735 teres
192 2674 269 2735 urbe
283 2674 445 2750 insulaque
461 2675 558 2749 eiecit,
574 2687 667 2749 agros
684 2671 802 2732 civibus
819 2668 931 2730 divisit.
953 2669 1087 2730 Thasios

94 2758 253 2835 opulentia
274 2758 370 2821 fretos
385 2773 443 2818 suo
459 2757 594 2818 adventu
608 2757 707 2832 fregit
734 2755 791 2816 llis
806 2768 845 2814 ex
860 2753 1014 2814 manubiis
1030 2767 1085 2812 arx

94 2843 285 2904 Athenarum
300 2859 361 2919 qua
376 2843 416 2902 ad
430 2841 588 2901 meridiem
601 2841 700 2916 uergit
714 2847 763 2898 est
778 2844 894 2898 ornata

181 2924 297 3000 Quibus
318 2925 412 2986 rebus
434 2940 502 2986 cum
518 2941 600 2986 unus
615 2925 644 2984 in
661 2924 783 2984 ciuitate
797 2921 928 2980 maxime
944 2919 1078 2996 floreret,
1086 2913 1126 2974 ιιι

95 3009 231 3072 incidit
222 3026 253 3070 m
275 3009 406 3070 eandem
426 3007 587 3084 insidiam,
610 3023 701 3084 quam
722 3013 810 3082 pater
832 3021 908 3066 suus
928 3005 1086 3080 ceterique

93 3094 329 3156 Atheniensium
345 3093 516 3192 principes.
544 3093 632 3152 Nam
641 3095 789 3152 testarum
803 3088 975 3164 suffragiis,
999 3087 1084 3162 quod

93 3178 135 3238 iili
150 3167 379 3258 ὀστρακισμὸν
397 3183 520 3252 nocant,
543 3177 650 3238 decem
666 3189 815 3236 annorum
831 3173 923 3233 exilio
938 3173 1082 3232 multatus

94 3268 151 3322 cst.
175 3262 268 3323 Cuius
291 3262 361 3322 facti
384 3262 515 3322 celerius
530 3259 728 3320 Atheniensis
751 3273 842 3335 quam
858 3257 959 3332 ipsum
976 3255 1082 3330 poeni·
1094 3259 1114 3312 u

94 3347 159 3406 tuit
180 3346 257 3408 Nam
272 3361 341 3407 cunt
356 3346 405 3407 ille
420 3346 521 3406 animo
536 3345 605 3405 forti
621 3343 754 3404 invidiae
768 3343 954 3416 ingratorum
971 3355 1019 3398 cn
1021 3353 1084 3398 rum

94 3430 247 3492 cessisset
260 3429 435 3505 bellumque
448 3427 682 3490 Lacedaemonii
697 3423 938 3488 Atheniensibus
953 3421 1082 3482 indixis

94 3521 174 3592 sent,
191 3515 353 3578 confestim
368 3520 460 3574 notae
472 3513 537 3572 eius
549 3512 669 3575 uirtutis
682 3507 868 3572 desiderium
878 3511 1082 3651 {poscentum
