2556 3994
355 193 459 292 amri.
479 229 730 304 nunnioni.
750 240 777 294 a.
791 237 818 292 a.
835 239 878 296 ro.
958 292 962 299 ,
1089 226 1135 292 aa

83 381 166 440 liam
195 381 453 456 proficisceretur.
483 383 551 444 Huc
570 383 735 458 Magonem
755 381 877 442 fratrem
898 381 1021 442 excivit.
1057 381 1119 442 lda

83 467 146 525 nbi
166 466 265 526 Poeni
278 467 484 538 resciverunt,
507 467 672 544 Magonem
691 465 801 526 eadem
817 482 880 541 qua
894 467 1018 526 lrauem
1037 465 1088 524 ab·

85 557 221 609 sentem
243 565 346 624 poena
366 549 543 612 affecemnt.
579 551 623 613 Illi
646 551 817 624 desperatis
833 550 926 610 rebus
943 565 1012 608 cum
1027 551 1090 608 sol-

87 634 223 696 vissent
243 635 331 694 naris
353 649 390 694 ac
402 636 473 694 vela
486 637 587 696 ventis
603 635 778 708 dedissent,
798 635 949 694 Hannibal
972 633 1012 692 ad
1026 634 1090 692 An-

88 717 238 780 tiochum
260 719 409 792 pervenit.
446 719 492 778 De
505 717 647 794 Magonis
669 718 791 778 interitu
808 718 923 791 duplex
944 715 1092 776 memoria

89 801 226 875 prodita
246 807 303 860 est
330 803 469 878 Namque
485 803 535 866 alii
556 801 717 876 naufragio
732 801 783 862 alii
804 802 968 862 aservulis
991 800 1103 875 ipsius·

91 886 295 944 intersectum
314 899 384 945 eum
399 886 546 962 scripturn
560 887 759 961 reliquerunt.
794 884 965 946 Antiochus
981 888 1120 957 autemd

92 969 121 1028 si
133 976 201 1040 tam
213 968 242 1026 in
256 970 376 1042 agendo
389 969 469 1030 bello
486 971 623 1030 consiliis
634 971 700 1029 eius
712 969 823 1043 parere
836 971 986 1030 voluisset
999 984 1090 1042 quam

93 1053 126 1111 in
143 1052 350 1126 suscipiendo
370 1054 554 1126 instituerat,
582 1053 710 1135 propius
725 1051 824 1112 Tiberi
840 1069 932 1127 quam
946 1051 1089 1112 Thermo-

94 1136 185 1212 pylis
197 1135 237 1194 de
249 1152 369 1196 summa
380 1137 498 1210 imperii
511 1137 696 1198 dimicasset.
721 1136 1091 1209 Quemetsimulrastulte
1125 1187 1127 1198 ,

95 1219 208 1278 conari
223 1220 360 1294 videbat,
383 1227 483 1280 tarrren
500 1223 582 1281 nulla
596 1221 732 1282 deseruit
746 1221 774 1279 in
791 1236 835 1280 re.
868 1221 1002 1280 praefuit
1015 1229 1120 1295 pou-4

96 1303 145 1362 cis
167 1303 316 1378 navibus,
340 1320 419 1378 quas
435 1321 474 1364 ex
489 1304 582 1382 Syria
595 1305 700 1365 iussus
717 1311 781 1363 erat
799 1305 829 1362 in
844 1305 950 1364 Asiam
966 1306 1089 1377 diruere,
1130 1328 1132 1332 ·

96 1388 204 1462 iisque
224 1388 375 1447 adversus
395 1387 586 1449 Rhodiorum
609 1390 740 1448 classem
760 1389 791 1446 in
811 1387 993 1466 Pamphylio
1014 1387 1088 1448 mari

97 1470 250 1530 conflixit
281 1471 347 1544 Quo
370 1487 440 1531 aum
460 1473 651 1532 multitudine
664 1472 912 1532 adversariorum
934 1473 982 1534 sui
998 1487 1088 1548 supe-

97 1563 250 1628 rarentur,
263 1555 340 1628 ipse
356 1571 418 1630 quo
435 1573 531 1616 cornu
543 1571 607 1615 rem
623 1557 719 1630 gessit
735 1555 790 1616 luit
804 1557 955 1630 superior.

146 1664 153 1674 ·
186 1639 339 1699 Annocno
356 1641 459 1713 lugam
474 1655 586 1701 verens
602 1655 641 1698 ne
657 1640 828 1714 dederetur,
852 1641 937 1714 quod
952 1640 1019 1700 sine
1035 1640 1132 1706 dulx

94 1723 153 1783 bio
170 1723 342 1797 accidisset,
365 1723 391 1782 si
408 1725 597 1784 subiecisset
612 1731 802 1798 numerarem,
825 1725 943 1784 Cretam
958 1724 997 1782 ad
1014 1724 1087 1782 Gor-

99 1808 205 1883 tynios
227 1806 325 1878 venit,
350 1813 383 1866 ut
395 1806 437 1866 ibi
454 1824 515 1882 quo
532 1823 567 1866 se
583 1809 737 1867 conterret
751 1808 969 1867 consideraret.
1004 1805 1118 1872 Vidita

102 1898 202 1950 autem
224 1890 270 1948 vir
292 1891 425 1950 omnium
447 1891 663 1950 callidissimus
679 1907 790 1964 magno
807 1906 842 1950 se
857 1892 923 1953 sore
943 1891 1088 1966 periculo,

102 1974 161 2033 nisi
177 1973 251 2047 quid
267 1975 462 2049 providisset,
485 1981 613 2048 propter
628 1975 783 2035 avaritiam
799 1975 996 2036 Cretensium.
1025 1975 1103 2034 illa-¹

103 2071 195 2132 gnam·
214 2060 294 2116 enirn
309 2073 414 2118 secum
429 2059 597 2132 pecuniam,
608 2059 749 2132 portabat
763 2059 802 2120 de
818 2056 880 2134 qua
900 2061 1019 2120 sciebat
1036 2075 1088 2116 ex-

104 2140 165 2201 isse
180 2143 299 2200 samarn.
326 2143 434 2217 ltaque
449 2143 531 2217 capit
544 2145 604 2202 tale
620 2142 790 2202 eonsilium.
816 2143 990 2216 Arnplroras
1007 2139 1118 2220 conr-3

105 2226 198 2300 pluris
220 2228 354 2300 eonrplet
375 2225 515 2300 plumbo,
538 2241 673 2285 summas
693 2227 792 2299 operit
811 2242 885 2284 auro
901 2232 931 2285 et
952 2233 1088 2299 argento.
1132 2298 1134 2301 ᾖ
1215 2283 1222 2294 ,

105 2309 166 2368 Has
188 2309 402 2384 praesentibus
425 2309 615 2383 principlbus
636 2309 764 2382 deponit
784 2309 814 2367 in
837 2310 949 2385 templo
970 2309 1103 2368 Dianae·

106 2393 247 2452 simulans
270 2407 400 2459 senuas
422 2394 559 2453 fortunas
581 2394 701 2453 illorum
721 2391 794 2453 fidei
815 2393 950 2452 credere.
979 2392 1034 2452 His
1057 2393 1087 2452 in
1160 2413 1162 2422 ⁴

106 2491 235 2536 errorem
247 2476 380 2536 inductis
389 2483 505 2536 statuas
518 2492 631 2538 {aeneas
646 2493 723 2552 quus
737 2493 842 2538 secum
854 2477 995 2552 portabat
1006 2477 1088 2538 omni

105 2573 160 2618 sua
178 2560 308 2634 precanda
328 2562 461 2634 corripiet
486 2570 602 2634 easque
626 2561 655 2620 in
679 2562 851 2636 propatulo
868 2562 951 2623 domi
976 2560 1087 2621 abiicit.

107 2643 240 2720 Gortynii
255 2645 399 2718 templum
416 2658 526 2718 magna
544 2660 617 2704 cura
632 2647 807 2706 custodiunt
821 2661 883 2704 non
898 2651 959 2723 tam
974 2661 992 2702 a
1007 2646 1117 2706 cete-4

106 2727 146 2786 ris
163 2743 252 2802 quam
267 2728 306 2786 ab
320 2728 499 2802 Hannibale,
521 2745 560 2788 ne
575 2729 624 2788 illc
636 2729 836 2789 inscientibus
851 2728 888 2788 iis
903 2729 1023 2789 tolleret
1037 2743 1086 2787 se-

107 2811 380 2885 cumque-duceret,
408 2835 409 2838 ¹
466 2851 468 2854 -

184 2893 236 2957 Sic
251 2895 441 2956 conservatis
458 2895 523 2954 suis
539 2893 762 2956 rebusPoenus
777 2895 876 2957 illusis
892 2893 1128 2975 Cretensibus'X

12 2999 13 3010 ¹
110 2978 241 3037 omuilms
267 2979 464 3039 ad'Prusiam
490 2979 518 3037 in
540 2979 669 3038 Pontum
692 2979 853 3058 pervenit„
879 2979 974 3054 Apud
996 2995 1096 3054 quem.

109 3063 209 3120 eodem
225 3063 325 3124 aninlo
342 3063 397 3123 luit
411 3077 485 3137 erga
497 3063 612 3123 ltaliam
628 3078 730 3138 raeque
743 3063 827 3124 aliud
842 3063 1010 3138 quidquam
1025 3062 1087 3136 egit

110 3161 191 3219 quiam
200 3161 303 3220 rogem
316 3147 444 3207 arnmvit
454 3153 483 3204 et
494 3149 631 3208 exercuit
642 3147 969 3208 adversusRomanos.
992 3146 1085 3219 Quem
1098 3155 1115 3206 a

60 3279 64 3290 ,
109 3243 171 3288 cum
183 3231 303 3290 videret
315 3229 491 3291 domesticis
507 3231 617 3305 opibus
629 3233 730 3292 minus
743 3249 814 3294 esse
828 3233 997 3311 robustum,
1013 3245 1080 3292 con.-

110 3313 221 3375 ciliabat
245 3321 364 3385 ceteros
388 3327 495 3390 reges„
532 3315 719 3390 adiungebat
743 3317 909 3377 bellicosas
934 3315 1084 3374 nationes.

109 3397 275 3471 Dissidebet
289 3399 328 3458 ab
340 3415 378 3459 eo
385 3398 593 3471 Pergamenus
604 3416 660 3458 rex
671 3401 834 3473 Eumenes,
849 3399 996 3460 Romanis
1012 3397 1079 3456 anri·
1103 3429 1105 3436 ι

110 3479 257 3555 sissimus,
279 3483 455 3558 bellumque
469 3481 548 3542 inter
562 3499 617 3544 eos
633 3485 797 3560 gerebatur
815 3491 846 3544 et
859 3483 934 3542 inari
950 3488 981 3544 et
994 3487 1086 3542 tarro.
