2534 4010
423 204 460 268 ιι.
482 167 603 271 oron.
623 215 651 272 r.
666 215 693 272 ι.
708 217 751 280 ιι.
1042 205 1086 280 ιι

98 348 392 438 piudentlabionis.
407 357 459 420 Ad
469 372 539 420 eum
552 356 798 422 interficiundum
808 357 913 422 socios
924 360 1085 437 concubit,

99 441 302 504 adversarios
323 441 391 502 eius
414 440 571 515 convenit,
594 441 805 503 coniuratione
819 441 988 504 confirmat.
1022 444 1119 510 Rest

98 526 204 588 inultis
227 525 361 588 consciis
378 540 458 602 quae
479 530 635 613 gereretur
655 525 736 588 elata
752 525 887 590 defertur
907 526 948 588 ad
966 526 1086 590 Aristo·

99 609 242 686 muchan,
257 624 397 688 sororem
412 607 530 683 Dionis,
545 608 736 684 uxoremque
748 611 873 670 Areten
891 608 965 670 lllae
976 599 1086 674 dicore

98 693 281 770 perterritae
295 691 483 756 conveniunt
495 693 582 754 cuius
598 691 638 751 de
651 693 789 767 periculo
803 691 957 756 timebant.
979 695 1021 756 At
1035 694 1086 755 ille

98 782 195 852 negat
209 793 229 836 a
243 775 402 840 Callicrate
415 774 482 836 lieri
496 775 555 835 sibi
569 774 713 850 insidias,
727 776 785 837 sed
799 776 851 838 illa
864 792 944 852 quae
959 791 1085 852 ageren-

99 867 151 920 tur
164 859 233 920 fieri
246 867 414 938 praecepto
426 875 495 920 suo.
514 857 659 918 Mulieres
671 859 765 920 nihilo
779 859 882 925 secius
897 860 1086 928 Callicratem
1101 870 1117 921 t

99 940 133 1003 in
148 939 259 1003 aedem
272 933 478 1022 Proserpinae
490 942 646 1006 deducrmt
664 958 702 1002 uc
714 942 816 1004 iurare
830 951 943 1019 cogunt
958 944 1032 1009 nihil
1046 941 1085 1006 ab

101 1027 155 1087 illo
170 1026 299 1104 periculi
314 1027 381 1088 iore
401 1024 502 1086 Dioni.
537 1026 591 1086 llle
605 1025 664 1096 bac
678 1026 826 1102 religione
840 1043 902 1088 ιιοιι
915 1029 1009 1096 modo
1024 1041 1085 1090 non

101 1116 151 1170 est
167 1110 330 1172 deterritus
350 1111 408 1171 sed
425 1109 466 1170 ad
485 1109 697 1178 maturandum
717 1111 886 1188 concitatus
908 1117 956 1171 est
974 1125 1085 1172 verens

100 1207 140 1253 ne
169 1195 255 1269 prius
286 1193 447 1255 consilium
473 1192 642 1269 aperiretur
663 1209 753 1255 suum
774 1209 866 1271 quarn
887 1201 997 1255 conata
1017 1209 1086 1271 per·

99 1275 237 1338 iecisset.

163 1359 230 1419 Hac
241 1359 493 1436 menteproximo
506 1358 556 1418 dle
567 1359 655 1434 testo,
663 1375 731 1420 eum
742 1376 761 1420 a
772 1366 924 1422 conventu
936 1375 1080 1423 seremo·
1068 1363 1127 1424 ·lll

100 1451 167 1507 tum
177 1441 258 1504 Dion
269 1443 351 1506 dorni
366 1449 483 1503 teneret
492 1443 604 1518 atque'
596 1460 627 1501 ιιι
639 1445 778 1504 conclavi
790 1444 872 1504 edito
883 1445 1085 1520 recubuisset

53 1531 60 1542 '
101 1525 238 1588 consciis
259 1526 404 1588 facinoris
425 1526 496 1587 loca
516 1525 678 1586 munitiora
698 1527 804 1604 oppidi
821 1527 931 1602 tradit,
960 1526 1086 1590 domum

101 1609 255 1672 custodiis
270 1611 379 1686 saepit,
394 1627 414 1669 a
428 1610 547 1670 loribus
560 1610 612 1685 qui
627 1624 688 1669 non
704 1611 866 1673 discedant
879 1612 980 1671 cenos
994 1625 1085 1686 prae·

98 1693 174 1756 ficit
196 1693 312 1754 Navem
326 1695 477 1754 triremem
492 1693 616 1754 mmatis
631 1700 719 1754 ornat
731 1693 988 1770 Philostratoque,
1002 1693 1117 1766 ιιιιιιι

99 1776 282 1850 suodedit
303 1791 432 1854 eamque
452 1777 484 1838 in
503 1782 595 1852 portu
615 1776 722 1852 agitari
733 1775 832 1851 iubat
853 1783 886 1840 ut
899 1778 927 1838 si
940 1791 1087 1840 exercere

98 1859 233 1936 remiges
250 1862 355 1936 vellet,
378 1861 527 1936 cogitem,
551 1859 579 1918 si
596 1859 674 1918 lorte
689 1860 826 1921 consiliis
839 1860 1010 1923 obstitisset
1024 1861 1086 1924 lor·

100 1952 184 2032 tuna,
198 1948 233 2005 ut
245 1943 372 2009 haberet
387 1959 448 2018 qua
463 1943 581 2020 lugeret
594 1940 784 2004 adsalutem.
807 1941 940 2006 Suorum
954 1950 1087 2009 autema
1099 1957 1118 2013 a

100 2041 229 2088 numero
237 2026 424 2104 Zacyntluos
435 2027 649 2088 adulescentes
661 2027 813 2102 quosdam
822 2027 906 2104 ebgtt
914 2029 1085 2092 eumauda

100 2111 246 2172 cissimos
268 2118 332 2173 ιιιιιι
350 2109 466 2178 viribus
487 2109 629 2170 maximis
650 2110 761 2186 bisque
781 2112 834 2172 dat
852 2114 1023 2187 negotium,
1045 2111 1087 2172 ad

99 2195 232 2256 Dionen
246 2195 336 2256 eant
328 2209 469 2269 mermes,
486 2193 531 2254 sic
544 2202 578 2255 ut
592 2195 796 2254 conveniendi
810 2194 878 2256 eius
889 2195 988 2269 gratia
1000 2194 1086 2255 vide
1136 2267 1140 2279 ἰ

99 2284 206 2342 rentur
218 2277 335 2340 venire.
356 2278 395 2338 Hi
409 2284 536 2356 propter
549 2276 686 2338 notitiam
697 2283 768 2338 sunt
780 2276 959 2338 intromissi.
978 2277 1021 2338 At
1034 2277 1118 2352 illia

98 2368 134 2424 ut
146 2361 239 2424 limen
253 2359 320 2424 eius
335 2362 499 2432 intrarunt,
514 2358 632 2420 loribus
648 2359 815 2436 obseratis,
829 2360 861 2423 in
875 2361 956 2423 lecto
971 2361 1086 2422 cuban-

99 2449 163 2506 tem
182 2445 339 2520 invadunt
364 2445 517 2520 colligant.
542 2443 589 2504 Fit
608 2443 762 2520 strepitus,
788 2445 868 2506 odeo
892 2451 926 2506 ut
946 2442 1087 2506 exaudiri

14 2597 20 2620 x
100 2529 386 2605 perscindente,
401 2529 480 2592 sicut
493 2535 563 2590 ante
579 2543 675 2604 saepe
686 2528 867 2603 dictumest,
884 2541 976 2604 quam
987 2529 1087 2590 invisa

98 2613 140 2674 sit
154 2613 319 2688 singularis
328 2613 466 2692 potentia
477 2618 508 2673 et
517 2610 694 2672 miseranda
704 2611 768 2674 vita
778 2611 831 2687 qui
842 2627 879 2672 se
888 2612 981 2672 metui
995 2627 1086 2686 quam

98 2695 196 2756 amari
213 2698 329 2758 malunt
342 2697 441 2778 cuivis
456 2695 546 2758 laeile
560 2693 713 2758 intellectu
728 2694 792 2755 luit.
817 2694 956 2768 Namque
968 2694 1012 2754 illi
1027 2694 1118 2771 ipsit

98 2779 264 2857 custodes,
286 2780 313 2842 si
332 2779 459 2857 propria
478 2777 610 2840 luissent
624 2779 794 2853 voluntate,
816 2777 935 2840 loribus
950 2776 1086 2840 effractis

99 2878 227 2926 servare
241 2879 311 2926 eum
329 2863 511 2940 potuissent,
533 2862 618 2939 quod
632 2862 675 2922 illi
689 2861 821 2927 inermes
832 2861 926 2924 telum
941 2861 1016 2924 loris
1030 2859 1087 2926 ila·

97 2948 231 3022 girantes
245 2947 350 3010 vivum
363 2945 516 3008 tenebant.
537 2945 592 3008 Cui
603 2960 672 3006 curn
685 2951 878 3007 succurreret
889 2960 989 3021 nemo,
999 2947 1087 3025 Lyco

99 3029 446 3107 quidamSyraausanus
458 3044 515 3105 per
525 3031 676 3089 fenestras
687 3028 822 3104 gladium
833 3029 927 3104 dedit,
938 3029 1087 3105 quallion

96 3113 276 3176 interiectus
287 3118 343 3174 est.

160 3195 307 3260 contecta
327 3197 432 3270 caede,
455 3211 524 3260 aum
538 3193 699 3260 mutulo
712 3195 834 3262 visendi
847 3195 946 3272 gratia
959 3194 1119 3262 inuris-X

97 3287 155 3355 set,
169 3280 307 3346 noorlulli
317 3281 357 3341 ab
368 3280 475 3348 insciis
487 3296 545 3358 pro
557 3279 659 3348 noxiis
673 3280 887 3350 ιοιιιιιιιιιιιιιιι.
908 3279 985 3341 Nem
994 3279 1088 3348 celeri

95 3379 223 3428 rumore
243 3364 337 3428 dilato
358 3363 449 3428 Dioni
471 3365 534 3425 vim
548 3365 672 3428 abtum
687 3364 773 3432 multi
786 3367 1008 3426 concurrerant
1020 3364 1087 3438 qui·

97 3444 159 3510 bus
173 3447 234 3511 tale
248 3448 368 3512 lacinus
380 3447 573 3525 displicebat.
595 3447 633 3508 lli
649 3447 728 3511 salsa
742 3445 922 3522 suspicione
934 3444 1019 3512 brat
1032 3444 1090 3511 int-1
