2534 4010
383 288 406 348 ι.
426 239 702 348 ntrnrmnes.
724 293 751 348 a.
769 293 795 348 r.
815 293 844 348 s.
1067 284 1088 348 a

96 440 183 506 uarii
203 453 302 514 regna
320 439 459 514 ipsorum
480 439 626 500 niteretur
646 437 831 507 dominatior
853 452 915 513 quo
935 437 1087 498 exstincto

97 525 189 600 ipsos
212 529 366 598 potestate
391 524 541 599 expulsas
571 523 689 584 civibus
719 522 784 582 suis
809 536 928 596 poenas
952 521 1118 586 daturosr¹

99 605 207 684 itaque
227 608 307 668 adeo
329 623 365 666 se
384 601 584 668 abhorrerea
603 614 774 668 ceterorum
795 604 939 673 consilio,
964 613 996 664 ut
1016 605 1088 666 nihil

96 699 187 769 putet
197 691 275 766 ipsls
286 690 389 752 utilius
398 692 669 766 quamcoalirmari
679 689 1088 765 regnurnl‘ersarurn.lluius
1102 711 1121 767 5

97 791 170 836 cum
184 775 366 836 sententiam
378 770 501 850 plurimi
515 783 621 836 essent
635 773 741 849 secuti,
756 773 909 834 Miltiades
924 789 986 834 non
1002 774 1089 834 dubi·

95 865 168 920 tans
183 868 245 920 tarn
259 859 361 920 multis
378 859 511 920 consciis
527 860 567 920 ad
587 861 669 934 regis
692 858 774 920 aruis
796 856 924 917 consilia
945 873 1003 918 sua
1020 873 1089 933 per-

96 950 229 1004 ventura
250 941 476 1004 Chersonesum
498 943 620 1018 reliquit
641 959 678 1002 ae
699 957 807 1002 rursus
835 941 973 1002 Athenas
995 941 1089 1002 demi·

11 1095 12 1098 Ἴ
95 1027 208 1102 gravit
253 1025 347 1087 cuius
362 1026 439 1086 ratio
455 1029 513 1088 etsi
528 1043 589 1088 non
607 1028 707 1100 valuit,
724 1032 822 1086 tamen
840 1039 1028 1099 magnopere
1043 1033 1090 1088 est

95 1109 265 1184 laudanda,
280 1125 350 1172 cum
364 1112 491 1194 amiciet
503 1112 638 1172 omnium
654 1109 786 1171 libertati
802 1125 894 1184 quam
905 1123 981 1168 suae
1000 1111 1090 1170 luerit

95 1193 308 1256 dominationi.
650 1247 651 1250 ,

181 1277 293 1338 Darius
308 1283 409 1338 autern
422 1293 491 1338 cum
503 1293 542 1338 ex
553 1278 680 1353 Europa
691 1277 721 1338 in
732 1277 841 1341 Asiam
855 1277 997 1352 redisset,
1008 1276 1080 1338 hor·
1089 1285 1131 1344 1v

93 1362 232 1423 tentibus
247 1361 353 1421 amicis
367 1367 401 1422 ut
415 1362 573 1422 Graeciam
588 1363 742 1437 redigeret
755 1362 785 1422 in
800 1377 888 1423 suam
902 1367 1087 1436 potestatem

95 1447 231 1506 classem
254 1445 485 1519 quingentarum
513 1448 635 1506 navitam
663 1447 854 1521 comparavit
876 1446 967 1521 eique
989 1446 1087 1506 Datim

95 1531 248 1606 praeleeit
262 1532 532 1605 etArtaphernem‚
548 1531 660 1606 hisque
672 1530 805 1591 ducenta
816 1530 963 1604 peditum,
980 1530 1087 1590 decem

94 1615 180 1676 milia
194 1614 330 1688 equitum
346 1611 439 1690 dedit
462 1629 588 1674 eausam
610 1615 797 1674 interserens
819 1629 854 1674 se
876 1613 996 1674 hostem
1015 1630 1087 1674 esse

94 1697 356 1771 Atheniensibus,
380 1699 465 1774 quod
482 1714 588 1759 eorum
616 1697 731 1758 auxilio
753 1697 844 1758 lones
861 1696 969 1757 Sardis
988 1713 1084 1771 expu-

93 1789 247 1859 gnassent
257 1797 377 1856 suaque
388 1782 545 1859 praesidia
554 1781 788 1843 interfecissent.
797 1781 842 1840 liti
854 1781 1111 1856 praetectiregiia

95 1869 201 1927 classe
221 1866 261 1926 ad
281 1865 439 1928 Euboeam
460 1867 593 1942 appulsa
614 1867 755 1926 celeriter
769 1864 919 1924 Eretriam
941 1874 1088 1940 ceperunt

96 1951 262 2026 omnisque
279 1951 346 2012 eius
364 1951 464 2026 gentis
480 1949 556 2010 civis
572 1951 719 2024 abreptos
741 1950 771 2008 in
793 1949 900 2010 Asiam
921 1949 960 2008 ad
982 1964 1086 2024 regem

95 2033 256 2096 miserunt.
277 2034 363 2094 lnde
376 2036 416 2096 ad
430 2033 562 2094 Atticam
577 2042 777 2095 accesserunt
792 2050 828 2095 ac
843 2049 919 2094 suas
933 2035 1040 2108 copias
1056 2035 1085 2094 in

96 2133 240 2193 campum
251 2116 433 2179 Marathona
448 2119 650 2180 deduxerunt.
672 2117 702 2178 Is
718 2122 767 2178 ost
780 2118 819 2176 ab
835 2117 951 2192 oppido
968 2117 1087 2177 circiter

95 2201 181 2262 milia
195 2217 345 2277 passuum
356 2203 473 2264 decem.
493 2203 561 2262 Hoc
573 2203 701 2262 tumultu
716 2201 922 2262 Athenienses
939 2207 999 2260 tam
1014 2214 1110 2274 pro-3

95 2287 216 2362 pinque
238 2291 367 2361 mmque.
383 2301 494 2360 magno
518 2286 649 2359 permoti
670 2284 815 2344 atrrlilium
830 2299 982 2359 nusquam
995 2284 1053 2344 nisi
1068 2302 1085 2344 a

95 2369 350 2430 Lacedaemoniis
375 2370 549 2444 petiverunt
564 2369 811 2452 Phidippumque
837 2383 994 2428 cursorem
1020 2369 1088 2428 eius

96 2453 231 2529 generis,
249 2454 301 2528 qui
313 2454 569 2514 hemerodromoe
581 2461 738 2527 vocantur,
753 2453 1018 2514 Lacedaemonem
1032 2453 1085 2512 uri-

96 2543 215 2610 serunt,
230 2544 264 2598 ut
277 2539 437 2614 nuntiaret,
453 2554 544 2616 quam
560 2538 651 2598 celer-i
663 2553 744 2613 opus
757 2545 841 2598 esset
851 2537 975 2604 auxilio.
998 2536 1118 2603 bonta

41 2696 45 2702 ,
96 2627 201 2682 autem
223 2629 327 2681 creant
346 2622 454 2682 decern
468 2630 638 2698 praetores,
662 2622 715 2698 qui
731 2620 878 2681 exercitui
894 2630 1086 2696 praeessent,

95 2705 129 2766 in
144 2703 190 2766 eis
203 2703 379 2766 Miltiadem.
400 2707 482 2768 luter
497 2723 576 2780 quos
598 2721 709 2781 magna
722 2707 785 2766 luit
800 2704 964 2781 contentio,
988 2710 1087 2764 uuam

96 2787 260 2850 moenibus
276 2789 490 2864 defenderent,
510 2807 547 2850 an
565 2791 687 2851 obviam
708 2789 786 2850 irent
801 2789 941 2850 hostibus
957 2789 1086 2864 acieque

98 2873 310 2934 decernerent.
342 2873 430 2936 Unus
441 2873 594 2936 Miltiades
609 2874 742 2934 maxime
759 2871 919 2948 nitebatur,
936 2880 969 2934 ut
988 2874 1117 2950 primos

98 2973 228 3034 quoque
241 2965 380 3032 tempore
392 2966 493 3019 castra
507 2959 631 3029 tierent;
649 2957 679 3017 ld
696 2958 848 3018 sitantum
862 2965 954 3032 esset,
970 2967 1000 3018 et
1012 2959 1085 3018 civi-

96 3041 158 3101 bus
174 3041 309 3100 animum
324 3055 537 3113 accessurum,
562 3058 631 3102 cum
646 3041 787 3102 viderent
801 3042 840 3100 de
854 3056 960 3102 eorum
977 3043 1086 3103 virtute

97 3143 161 3187 non
174 3125 344 3200 desperari,
366 3131 398 3186 et
412 3125 510 3188 hostis
526 3126 636 3188 eadem
650 3141 685 3186 re
700 3125 767 3186 iare
787 3125 956 3200 tardiores,
978 3126 1005 3185 si
1020 3127 1085 3184 ani-

96 3209 326 3270 madverterent
345 3209 459 3270 audere
480 3211 631 3272 adversus
650 3225 685 3270 se
704 3216 764 3270 tam
785 3210 905 3284 exiguis
926 3210 1024 3286 copiis
1041 3209 1084 3269 di-

97 3308 223 3354 micare.

141 3367 149 3380 ⁴
182 3376 252 3437 Hoc
273 3375 303 3434 in
321 3383 460 3453 tempore
477 3377 561 3438 nulla
580 3378 689 3438 civitas
706 3369 957 3438 Atheniensibus
969 3377 1122 3440 auxilloV

97 3461 161 3522 luit
169 3465 294 3537 praeter
307 3459 507 3524 Plataeensis.
551 3462 597 3523 Ea
611 3461 693 3523 mille
707 3461 791 3522 misit
805 3461 940 3522 militurn.
978 3461 1085 3536 Itaque

97 3544 209 3624 horum
229 3543 366 3608 adventu
386 3546 494 3606 decern
515 3547 597 3606 milia
624 3551 811 3606 armatorum
832 3547 985 3620 completa
1005 3556 1083 3608 sant.
