2534 4010
150 243 202 302 Ill.
217 241 482 304 nutsututts.
497 244 680 308 Ἀθη-Ν.
696 239 977 306 Pausanias.
992 251 1018 304 1.
1042 238 1085 314 15

92 395 235 470 Namque
249 400 321 456 aute
338 393 371 454 id
383 401 507 470 tempus
524 402 554 463 et
574 395 650 456 mar-i
666 400 697 455 et
716 401 798 454 muru
812 393 908 456 duces
923 400 1010 454 eram
1023 391 1115 457 Lat-8

93 477 298 540 cedaemonii.
334 476 418 538 Tunc
438 485 540 541 cutem
558 485 588 540 et
608 477 842 554 intemperantia
858 475 1031 538 Pausaniae
1052 485 1082 538 et

93 561 209 622 iustitia
223 561 337 621 lactum
352 568 401 622 est
413 563 568 636 Aristidis,
584 569 618 622 ut
632 577 739 624 omnes
755 561 820 621 lere
834 561 971 623 civitates
988 560 1081 621 Grae·

93 648 163 706 ciac
178 645 219 705 ad
230 643 464 706 Atheniensium
478 647 656 708 societatem
672 661 707 704 so
722 646 913 720 applicarent
927 650 958 704 et
971 645 1079 704 adver-

95 747 150 792 sus
166 728 317 788 barbaros
333 727 391 790 hos
406 729 503 790 duces
516 729 686 804 deligerent
700 728 768 790 sibi.

180 809 264 886 Quos
280 828 342 886 quo
363 813 483 874 lucilius
498 815 696 890 repellerent,
718 811 746 874 si
759 813 838 872 lorte
851 811 966 874 bellum
979 827 1068 872 reno
1082 803 1124 868 ΙΙΙ

95 911 171 958 vare
192 899 392 970 conarentur,
423 896 464 956 ad
492 896 602 970 elassis
629 895 839 958 aedificandas
863 897 1081 973 exercitusque

94 977 324 1056 comparandos
353 986 498 1054 quantum
519 981 670 1056 pecuniae
692 995 834 1056 quaeque
856 980 963 1040 civitas
985 979 1081 1054 dard,

93 1063 248 1124 Aristides
264 1063 402 1124 delectus
418 1072 480 1135 est,
504 1065 556 1142 qui
572 1065 784 1138 constitueret,
805 1061 935 1139 eiusque
955 1063 1081 1126 arbitrio

96 1147 310 1223 quadringena
330 1154 360 1208 et
379 1163 538 1222 sexagena
557 1150 670 1208 talenta
692 1147 856 1224 quotannis
877 1145 985 1208 Delum
1010 1153 1083 1206 sunt

94 1232 216 1293 collata
236 1231 273 1294 Id
287 1230 368 1296 enim
378 1247 539 1294 commune
554 1233 705 1294 aerarium
717 1247 789 1294 esse
803 1232 974 1294 voluerunt.
996 1229 1081 1306 Quae

95 1315 195 1378 omnis
219 1314 353 1397 pecunia
377 1322 502 1390 postero
530 1323 669 1392 tempore
691 1315 838 1391 Athenas,
855 1315 1002 1374 translata
1022 1323 1079 1374 est.

95 1400 151 1460 llic
173 1415 235 1474 quo
255 1398 345 1458 luerit
364 1399 562 1475 abstinentia,
590 1400 705 1460 nullum
725 1407 773 1461 est
793 1398 905 1460 certius
925 1398 1113 1473 indicium?

96 1499 186 1559 quum
199 1482 327 1558 {quod],
348 1497 422 1551 curn
429 1483 519 1543 lautis
533 1483 627 1544 rebus
643 1484 841 1560 praefuisset,
864 1483 989 1543 intanta
1004 1499 1078 1559 pau-

95 1573 212 1643 pertate
234 1565 383 1640 decessit,
408 1573 457 1640 ut,
483 1567 535 1644 qui
551 1565 724 1643 ellerretur,
745 1567 799 1628 vix
818 1566 984 1642 reliquerit.
1015 1566 1115 1643 Quos

95 1652 206 1712 lactmn
217 1655 275 1723 est,
296 1657 330 1710 ut
345 1646 426 1710 filiae
441 1649 507 1712 eius
522 1649 645 1727 publice
660 1654 812 1713 alerentur
825 1658 857 1713 et
873 1652 912 1711 de
927 1652 1080 1712 communi

95 1733 215 1795 aerario
237 1733 361 1796 dotibus
383 1733 464 1794 datis
486 1736 728 1798 collocarentnrr
746 1735 887 1797 Decessit
901 1742 1002 1795 autem
1016 1735 1081 1796 lere

94 1825 168 1894 post
192 1833 303 1876 annum
327 1824 467 1900 quartum
494 1835 585 1894 quam
614 1819 834 1881 Themistocles
858 1817 988 1878 Athenis
1016 1825 1087 1880 erat

95 1903 255 1978 expulsus.

500 2113 727 2124 *am

296 2387 300 2404 ι
398 2295 833 2407 tullttsnlttnu

93 2467 288 2581 Pausanias,
310 2505 583 2576 Lacedaemonius,
598 2519 727 2578 magnus
739 2502 841 2576 homo,
858 2501 916 2564 sed
929 2503 1033 2566 varius
1048 2505 1104 2566 inl

93 2590 176 2650 orani
190 2604 304 2664 genere
322 2592 403 2652 vitae
424 2590 488 2650 luit
509 2589 585 2648 Nam
599 2594 633 2647 ut
645 2586 806 2648 virtutibus
822 2585 924 2659 eluxit,
937 2587 983 2648 sic
998 2589 1079 2648 vitiis

91 2679 141 2732 est
154 2672 293 2734 obrutus.
317 2675 416 2735 Huius
431 2671 669 2734 illustrissimmu
686 2678 735 2732 est
747 2669 899 2746 proelium
912 2672 997 2745 apud
1011 2671 1112 2734 Pla-u

92 2763 189 2818 meus.
200 2755 340 2833 Namque
349 2758 401 2819 illo
414 2754 678 2818 ducellardonius
686 2763 826 2829 satrapes
833 2754 947 2828 regius,
955 2753 1088 2816 natione·

91 2839 212 2914 Modus,
232 2842 313 2916 regis
327 2857 435 2917 gener,
455 2842 486 2902 in
499 2839 604 2916 primis
622 2839 755 2898 otnnium
770 2838 930 2900 Persarum
945 2845 976 2899 ct
988 2855 1083 2900 manu

92 2924 182 2984 tortis
202 2929 234 2984 et
254 2926 374 2986 consilii
391 2927 517 3001 plenus,
539 2939 607 2984 cum
628 2919 769 2983 ducentis
789 2921 911 2982 milibus
932 2923 1084 2999 peditum,¹

93 3025 174 3082 quos
195 3007 306 3070 viritim
326 3010 455 3084 legerat,
476 3017 506 3068 et
519 3005 625 3082 viginti
643 3005 778 3081 equitum
797 3005 879 3065 lraud
902 3005 945 3066 ita
968 3023 1082 3083 ιιιιιςιιιι

91 3108 186 3154 rnunu
197 3091 344 3154 Graeciae
355 3095 475 3168 lagatus
487 3098 543 3163 est,
556 3105 656 3165 eoque
671 3089 739 3165 ipse
751 3089 815 3150 dux
826 3087 937 3150 cecidit
948 3092 1077 3166 proelio.

90 3175 313 3249 Qua·victoria
339 3178 438 3239 elatus
465 3176 595 3251 plurimu
620 3175 751 3234 miscere
778 3173 882 3250 coepit
907 3180 939 3234 et
962 3173 1112 3242 maioraa

90 3259 325 3334 concupiscere.
359 3260 429 3322 Sed·
443 3261 573 3335 primurn
593 3259 624 3318 in
642 3273 680 3319 eo
695 3264 744 3318 est
757 3257 973 3333 reprehensus,
995 3257 1079 3332 quod

90 3359 163 3406 oum
176 3359 217 3402 ex
237 3345 355 3419 praeda
370 3343 521 3420 tripodem
542 3357 667 3404 aureum
686 3341 813 3416 Delphis
828 3341 993 3416 posuisset,
1014 3341 1078 3416 epi-

90 3434 261 3503 grammate
275 3430 398 3504 scripto,
421 3428 451 3486 in
469 3441 530 3502 quo
550 3426 628 3486 haec
643 3424 883 3488 eratsententia=
905 3439 963 3484 suo
985 3424 1079 3486 ductu

90 3509 245 3572 barbams
267 3513 352 3587 apud
371 3512 510 3574 Plataeas
538 3526 610 3572 esse
631 3510 750 3570 deletos
777 3508 906 3584 eiusque
930 3507 1081 3572 victoriae
