2556 3994
192 249 235 323 η
466 249 560 314 XXV.
582 252 793 316 ATTlcus.
814 263 858 314 ιι.
872 263 918 316 1¹.

194 405 224 466 in
238 403 365 480 spiam
379 401 463 462 venit
478 401 528 462 etri
542 417 594 464 res
608 403 672 464 ulla
685 403 830 480 deluerit,
852 405 966 467 aeuum
979 423 1042 470 nou
1054 369 1101 468 ibi
1115 423 1188 482 per·

42 479 49 496 “
164 493 286 565 rpetuo
307 486 451 548 manendi
470 492 610 560 potestas
630 488 712 548 lacta
732 497 788 550 est
824 489 881 564 Qui
901 491 992 550 etiam
1007 500 1081 564 post
1094 507 1190 566 proa-

193 573 267 634 lium
280 571 478 646 Philippense
491 570 708 648 intoritumque
720 571 755 632 G.
771 573 870 635 Cassii
884 581 915 634 et
929 573 971 634 Μ.
985 575 1073 634 Bruti
1083 575 1120 634 L.
1136 575 1187 636 lu-

193 655 267 718 lium
287 655 441 718 Mocillam
461 654 648 729 praetorium
669 663 700 716 et
721 656 816 718 lilium
836 658 904 718 eius
918 659 1096 734 Aulumque
1110 661 1186 720 Tor-

194 745 319 816 quatum
335 744 519 814 ceterosque
533 739 601 814 pari
616 740 738 800 fortuna
751 743 915 814 perculsos
930 742 1097 802 instituerit
1105 743 1187 803 tueri

193 831 287 900 alque
308 837 348 884 ex
361 821 455 898 Epiro
476 821 525 882 his
546 823 650 886 omnia
664 821 907 886 Samothraciam
928 825 1107 901 supportari
1122 827 1187 888 ius·

194 908 276 968 serit.
309 905 441 966 Difficile
465 914 513 966 est
538 906 641 968 anania
660 908 808 984 persequi
829 917 861 968 ct
879 925 941 970 non
961 911 1185 970 necessarium.

162 991 269 1058 olllud
294 1005 387 1052 unum
412 989 545 1064 intellegi
571 993 713 1052 volumus
740 991 820 1052 illius
844 991 1056 1056 liberalitatem
1080 1009 1186 1070 neque

163 1075 409 1150 stemporariam
424 1088 526 1148 neque
542 1074 683 1134 callidam
698 1076 806 1136 luisse
838 1075 873 1136 ld
888 1092 929 1136 ex
942 1076 1022 1152 ipsis
1035 1076 1133 1140 rebus
1148 1093 1187 1138 ac

192 1158 383 1234 temporibus
398 1156 526 1218 iudicari
541 1166 659 1232 potest,
682 1159 766 1234 quod
781 1176 842 1220 non
857 1159 1039 1222 florentibus
1056 1177 1093 1222 se
1110 1177 1186 1220 veu-

194 1237 302 1304 dita'vit
320 1241 378 1302 sed
399 1239 522 1300 altlictis
537 1257 661 1317 semper
676 1244 836 1304 succurrit
868 1243 1066 1320 Qui-quidem
1081 1244 1186 1306 Servi·
1268 1297 1269 1310 ,

194 1326 280 1400 liam,
301 1324 387 1386 Bruti
408 1331 551 1399 matrem,
573 1342 634 1388 non
649 1327 750 1388 minus
766 1334 840 1402 post
859 1335 989 1388 mortem
1008 1330 1075 1390 eius
1091 1346 1187 1406 quam
1268 1391 1269 1404 ¹

164 1408 355 1478 elicientem
371 1407 508 1471 coluerit
531 1408 583 1470 Sic
597 1409 777 1473 liberalitate
792 1417 881 1472 utens
896 1413 997 1475 nutas
1011 1413 1187 1474 iuimicitias

193 1492 307 1570 gessit,
330 1493 415 1570 quod
429 1508 533 1568 neque
548 1493 690 1554 laedebat
704 1509 890 1570 quemquam
906 1511 1024 1570 neque,-
1045 1497 1185 1574 siquam
1268 1515 1269 1564 ι

194 1577 333 1640 iniuriam
354 1583 532 1651 acceperat,
555 1593 616 1638 non
637 1577 769 1639 malebat
789 1578 929 1640 oblivisci
952 1596 1043 1655 quam
1065 1582 1186 1642 ulcisci.
1268 1631 1269 1646 ,

164 1661 278 1724 aldem
305 1660 466 1724 immortali
494 1660 643 1722 memoria
667 1671 818 1736 percepta
842 1663 994 1725 retinebat
1021 1665 1185 1736 beneficia,
1268 1733 1269 1748 χ

195 1761 275 1822 quae
296 1751 398 1806 autem
419 1744 488 1820 ipse
502 1744 650 1807 tribuerat
671 1747 787 1808 tamdiu
807 1746 987 1808 meminerat
1008 1749 1115 1823 quoad
1130 1749 1186 1808 illc

191 1835 298 1906 gratus
314 1833 380 1890 erat
393 1830 446 1904 qui
461 1838 633 1905 acceperat.
654 1829 763 1906 ltaque
777 1829 826 1890 hic
841 1832 921 1903 tent,
937 1837 971 1891 ut
984 1848 1058 1892 vere
1069 1833 1186 1894 dictum
1268 1827 1269 1920 J

192 1913 359 2058 νιάθᾶιιιἕιιί
369 1999 475 2072 oraque
488 2012 583 2058 mores
594 2001 712 2072 napum
722 1999 878 2071 fortunam
892 2000 1068 2060 luminoso.

192 2080 300 2158 Neque
314 2086 415 2140 tamen
430 2080 480 2140 ille
495 2080 581 2154 prius
596 2082 749 2142 fortunam
762 2097 854 2158 quam
868 2083 988 2158 seipse
1004 2083 1108 2156 tinxit,
1131 2084 1186 2160 qui
1268 2091 1269 2176 ζ

106 2161 110 2184 ’
194 2166 275 2228 cavit
288 2180 330 2225 ne
343 2180 405 2240 qua
419 2163 450 2224 in
464 2179 501 2226 re
514 2163 580 2226 iure
594 2166 788 2242 plecteretur.

150 2249 204 2312 Xll
296 2247 352 2310 His
367 2249 457 2324 igitur
470 2248 565 2308 rebus
579 2248 682 2316 effecit
695 2257 728 2312 ut
741 2249 780 2310 M.
796 2249 967 2325 Vipsanius
981 2251 1125 2327 Agrippa
1139 2253 1184 2312 in·
1268 2275 1269 2310 1

194 2333 265 2396 tima
290 2331 491 2394 familiaritate
519 2333 701 2394 coniunctus
726 2333 917 2395 adulescenti
943 2335 1084 2406 Caesari,
1113 2352 1186 2398 cum
1268 2339 1269 2352 ³

193 2423 321 2494 propter
341 2433 428 2478 suam
447 2416 575 2490 grabam
596 2425 625 2478 et
640 2415 780 2480 Caesaris
796 2419 964 2492 potentiam
977 2418 1092 2480 nrrllius
1107 2435 1185 2481 con·
1268 2469 1269 2496 ι

193 2501 324 2562 dicionis
338 2515 399 2560 non
416 2499 543 2560 liaberet
556 2507 753 2576 potestatem,
775 2500 969 2576 potissimum
984 2501 1049 2562 eius
1065 2503 1185 2578 delige

192 2591 239 2648 lfll
253 2583 429 2647 affinilalllffl
445 2591 702 2662 praeoptaretque
717 2585 829 2661 equitis
840 2586 970 2647 Romanii
984 2586 1075 2646 liliam
1086 2600 1185 2661 gene-

164 2681 334 2734 urosurum
351 2667 474 2745 nuptiis.
502 2668 605 2743 Atque
621 2668 727 2731 harum
744 2669 1112 2744 nuptiarumconciliator
1127 2671 1186 2732 luit
1268 2681 1269 2692 ¹

192 2761 267 2830 (non
286 2761 334 2823 est
348 2753 429 2814 onim
444 2752 616 2825 celandum)
630 2752 670 2812 Μ.
685 2753 857 2827 Antonius,
870 2753 1009 2814 triumvir
1020 2754 1065 2814 roi
1081 2753 1183 2830 publi·
1268 2821 1269 2830 χ

194 2853 258 2898 cae.
286 2837 376 2900 Cuius
397 2837 495 2914 gratia
517 2852 585 2896 curn
604 2852 719 2912 augere
732 2837 954 2914 possessiones
971 2844 1081 2912 posset
1095 2855 1182 2912 suas

192 2926 307 2983 tantum
334 2921 441 2982 aluita
462 2920 628 2995 cupiditate
649 2923 797 2996 pecuniae
811 2927 845 2984 ut
858 2923 941 2982 nulla
954 2922 985 2982 in
999 2937 1034 2982 re
1048 2939 1126 2984 usus
1143 2925 1186 2986 sit

194 3019 232 3064 ea
245 3003 304 3064 nisi
325 3004 355 3064 in
370 3004 574 3080 deprecandis
590 3005 757 3066 amicorum
770 3012 823 3066 aut
836 3005 981 3080 periculis
997 3012 1050 3066 aut
1064 3006 1183 3069 incom-

163 3088 302 3150 amodis.
339 3085 428 3162 Quod
449 3087 573 3164 quidem
594 3089 652 3151 sub
665 3089 743 3164 ¹ipsa
765 3087 991 3165 proscriptione
1004 3089 1183 3164 perillustre

194 3173 258 3234 luit.
286 3171 362 3234 Nam
383 3187 453 3232 curn
466 3172 500 3232 L.
516 3169 650 3247 Saufeii,
670 3173 783 3250 equitis
796 3173 943 3248 Romani,
964 3175 1105 3250 aequalis
1121 3175 1180 3248 sui,

194 3256 247 3333 qui
269 3255 435 3332 compluris
457 3272 556 3317 antius
578 3256 680 3318 studio
705 3255 815 3318 ductus
832 3256 1049 3332 philosophiae
1062 3256 1179 3320 hahita-

192 3340 246 3400 bat
265 3339 393 3403 Athenis
418 3339 611 3414 habebatque
632 3341 662 3402 in
680 3341 765 3402 ltalia
784 3341 939 3417 pretiosas
950 3341 1202 3417 pmssssiones‘

195 3423 342 3484 triumviri
361 3425 442 3486 bona
457 3423 908 3490 vendidissentconsuetudine
920 3441 960 3486 ca
975 3441 1038 3501 qua
1051 3430 1116 3487 tum
1128 3441 1183 3486 res

193 3507 392 3581 serebantur.
417 3505 509 3568 Attici
529 3505 635 3571 labore
655 3515 749 3588 atque
772 3507 923 3572 industria
947 3510 1062 3576 laeum
1081 3516 1132 3572 est
1150 3515 1187 3572 ut
