2556 3994
196 245 239 310 52
281 239 608 311 xlvpalnlllts.
626 248 667 302 ll.
688 233 1162 298 xv.lll>nlltn01lnns.1.
1260 317 1262 330 A

167 392 310 470 tquendi
324 399 446 466 tempus
462 389 592 450 sumitur
606 389 758 462 locusque
773 401 835 461 quo
857 383 1083 447 conveniretur.
1117 384 1183 444 Huc

194 475 384 548 Mithridates
407 490 477 534 cum
492 488 553 532 uno
576 471 625 530 cui
639 469 771 531 maxime
785 468 919 532 lababat
932 467 1024 530 fidem
1044 475 1119 528 ante
1133 467 1182 526 ali·
1262 511 1263 524 ,

197 568 272 636 quot
292 559 358 619 dies
380 558 465 616 venit
484 532 758 631 compluribusque
777 551 855 614 locis
877 552 1043 627 separatim
1064 551 1183 626 gladios

197 645 298 706 obruit
318 657 417 717 eaque
438 641 508 700 loce
527 638 688 714 diligenter
708 642 803 698 notat.
831 637 905 712 lpso
921 643 1023 696 aulem
1038 635 1185 710 colloquii

197 729 247 788 die
267 726 390 799 utrique
404 726 505 784 locum
520 719 572 799 qui
587 723 786 798 explorarent
800 727 892 796 atque
907 721 995 794 ipsos
1011 725 1187 783 scrutaren-

167 818 244 874 elur
259 810 388 870 mittunt.
420 807 538 869 Deinde
550 806 610 881 ipsi
623 811 696 866 sunt
707 804 876 880 congressi.
894 803 1187 878 Hiccumaliquam·
1264 804 1265 862 l

197 895 251 956 diu
271 895 301 952 in
317 891 472 967 colloquio
489 891 619 952 luissent
640 897 670 949 et
683 887 808 948 diverse
822 887 1043 952 discessissent
1064 887 1188 962 iamque

168 1037 172 1043 .
197 978 305 1056 procul
320 977 463 1037 Datames
479 975 612 1050 abesset,
634 972 835 1045 Mithridates,
857 971 1040 1048 priusquam
1054 972 1096 1032 ad
1111 985 1187 1032 suos
1265 1040 1266 1048 χ

197 1061 380 1137 perveniret,
401 1074 441 1119 ne
457 1075 547 1134 quam
563 1057 773 1134 suspicionem
787 1063 924 1132 pareret,
947 1057 979 1116 in
994 1055 1128 1116 eundem
1145 1057 1186 1115 lo·

198 1161 268 1204 cum
282 1144 443 1203 revertitur
457 1149 549 1216 atque
564 1139 605 1202 ibi
619 1139 672 1204 ubi
683 1141 776 1202 telum
790 1147 856 1201 erat
869 1139 1046 1216 impositum
1059 1138 1188 1213 resedit,

198 1234 231 1288 ut
251 1227 277 1287 si
293 1227 473 1288 lassitudine
488 1233 616 1301 cuperet
636 1224 847 1300 acquiescere
869 1223 1081 1299 Datamenque
1097 1239 1188 1284 revo-

198 1311 278 1370 cavit
304 1310 451 1371 simulans
478 1325 514 1368 se
539 1307 686 1385 quiddam
710 1309 741 1367 in
768 1307 922 1384 colloquio
948 1323 1020 1368 esse
1047 1307 1187 1372 oblitum

167 1394 318 1455 llntcrim
338 1394 431 1455 telum
453 1393 538 1469 quod
564 1393 678 1454 latebat
697 1392 825 1466 protulit
844 1392 1054 1467 nudatumque
1076 1394 1190 1468 vagina

196 1484 285 1538 veste
297 1477 372 1538 texit
386 1475 547 1537 aeDataml
562 1476 695 1536 venienti
710 1475 750 1536 ait
765 1475 986 1550 digredientem
1000 1491 1036 1536 se
1050 1475 1188 1536 animad·

198 1560 330 1620 vertisse
343 1561 446 1621 iocum
462 1560 625 1635 quendam,
641 1558 694 1634 qui
709 1565 774 1620 erat
787 1558 818 1618 in
834 1567 1012 1634 conspectu,
1029 1561 1069 1620 ad
1085 1567 1189 1622 castra

169 1653 186 1710 5
197 1643 344 1721 ponenda
364 1659 436 1704 esse
455 1644 611 1705 idoneum.
645 1643 741 1718 Quem
761 1659 831 1702 cum
852 1644 946 1718 digito
962 1645 1190 1705 demonstraret

197 1736 227 1788 et
240 1728 290 1787 ille
306 1728 483 1810 respiceret,
507 1741 651 1787 aversum
665 1727 746 1787 icrro
762 1727 915 1787 transfixit
928 1727 1078 1804 priusque
1094 1743 1189 1803 quarn

199 1812 363 1886 quisquam
387 1820 498 1888 posset
516 1824 698 1870 succurrere
723 1810 883 1873 interiecit.
921 1811 967 1872 Ita
990 1813 1041 1872 iile
1066 1811 1113 1872 vir
1135 1810 1189 1888 qui

196 1896 309 1955 multos
321 1895 628 1970 consilia,.neminem
639 1893 770 1969 perfidia
785 1902 911 1969 ceperat
922 1896 1063 1956 simulata
1075 1902 1188 1970 captus

197 1985 245 2037 est
260 1978 398 2041 amicitia.

582 2207 773 2216 -ua—-u--n-

267 2377 269 2381 '
362 2447 468 2586 lxv.
528 2443 958 2542 nrlnlnallnla

55 2683 60 2686 ·
172 2610 440 2727 Issennmonuns,
461 2647 602 2728 Polymni
616 2650 713 2726 lilius,
733 2649 906 2712 Thebanus.
943 2650 989 2710 De
1003 2650 1062 2711 hoc
1085 2643 1187 2725 prius·

197 2751 289 2812 quam
311 2735 499 2807 scribamus,
528 2733 605 2794 haec
620 2733 840 2810 praecipienda
863 2733 1003 2794 videntur
1015 2735 1187 2796 lectoribus

196 2834 235 2877 ne
250 2819 368 2878 alienos
383 2834 485 2879 mores
508 2818 549 2879 ed
564 2834 639 2878 suos
655 2818 790 2878 releuant
804 2833 882 2877 neve
897 2833 935 2876 ea
950 2833 1030 2894 quae
1050 2817 1127 2892 ipsis
1144 2820 1187 2878 le·

166 2901 283 2970 oviora
293 2907 364 2961 sunt
374 2901 439 2976 pari
453 2901 546 2962 modo
562 2903 646 2984 apud
657 2908 777 2962 ceteros
790 2902 887 2962 luisse
903 2901 1095 2962 arbitrentur.
1120 2900 1187 2962 Sci-

196 2984 366 3046 musenim
393 2985 531 3046 musicen
553 2986 667 3046 nostris
692 2985 830 3046 moribus
855 2985 968 3046 abesse
993 3001 1013 3058 a
1036 2985 1187 3062 principis

197 3083 346 3146 persona,
369 3071 481 3128 saltare
501 3084 576 3130 vero
598 3070 688 3130 etiarn
709 3068 740 3128 in
760 3070 841 3129 vitiis
863 3069 947 3144 poni.
978 3069 1063 3144 Quae
1083 3070 1189 3130 omnia

166 3153 279 3228 sapud
297 3151 478 3212 Graecos'el
491 3159 579 3226 grata
593 3160 623 3213 et
637 3151 728 3212 laude
743 3153 836 3227 digna
850 3154 1013 3213 ducuntur.
1043 3153 1119 3216 cum
1132 3169 1186 3216 au·

165 3283 168 3296 .
195 3244 256 3296 torn
277 3235 451 3311 exprimere
472 3236 634 3310 imaginem
655 3237 887 3298 consuetudinis
908 3242 1002 3313 atque
1015 3237 1096 3300 vitae
1109 3237 1186 3298 veli·

167 3329 170 3334 ·
196 3336 264 3379 mus
279 3318 528 3394 Epanrinondae,
554 3319 628 3379 nihil
648 3319 788 3383 videmur
809 3320 923 3382 debere
944 3321 1189 3396 praetermittere

198 3403 283 3478 quod
299 3403 448 3476 pertineat
462 3401 502 3462 ad
517 3418 585 3462 earn
600 3402 827 3466 declarandam.
854 3403 954 3477 Quare
970 3405 1107 3467 dicemus
1123 3405 1187 3482 pri·

197 3501 280 3544 marn
295 3485 335 3546 dc
349 3502 464 3560 genere
478 3481 566 3559 eius,¹
585 3487 696 3548 deinde
712 3488 824 3564 quibus
840 3487 1013 3564 disciplinis
1033 3496 1065 3552 et
1084 3488 1188 3566 aqui·
