2556 3994
449 275 555 339 Xlllv.
576 274 704 335 cillo,
724 282 790 336 aa.
1055 273 1095 336 til

105 425 237 488 vinciam
249 434 356 487 nactus
364 425 544 501 Hispaniam
560 426 730 486 citeriorem
745 443 847 504 exque
862 426 1095 501 oauiunphun

95 509 290 584 deportavit.
325 510 371 570 lbi
387 527 456 570 cum
471 511 585 570 diutius
600 517 784 584 moraretur,
806 511 838 570 P.
856 511 960 586 Scipio
976 511 1124 575 Africa-a

104 611 166 656 nus
184 595 299 659 corisul
311 595 428 668 ilerum,
440 595 528 658 cuius
539 593 569 655 in
584 593 679 668 priori
693 598 854 656 consulatu
870 603 1016 677 quaestor
1031 595 1094 652 liic·
1175 667 1180 676 Ι

104 674 266 750 mavoluit
277 690 346 738 eum
361 677 401 736 de
416 679 575 752 prouincia
587 677 742 752 depellere
757 685 788 739 et
801 680 870 754 ipsc
885 679 913 738 ei
925 675 1095 739 succedere

105 778 210 836 neque
225 762 285 822 hoc
300 777 355 837 per
370 769 510 821 senatum
525 761 649 821 ellicere
665 764 777 838 poluit,
798 780 867 823 cum
889 763 1013 838 quidem
1028 759 1094 822 Sci-

105 846 160 922 pie
182 845 387 920 principatum
407 846 438 916 in
462 846 583 905 ciuitate
597 846 762 921 oblineret,
784 847 869 922 quod
882 855 946 907 tum
960 853 1022 906 non
1037 861 1094 920 po
1181 916 1184 922 ἱ
1204 899 1206 904 ,
1274 897 1275 934 ἦ

104 931 200 996 tentia
220 929 277 989 sed
298 931 363 988 iure
384 930 583 1003 respublica
602 929 878 991 administrabatur.
913 931 979 1004 Qua
1000 945 1040 988 ex
1059 943 1095 988 re

106 1016 323 1082 iratussenatu
347 1013 533 1085 [consulatu]
545 1021 671 1087 paccio
683 1007 821 1089 privatus
837 1016 865 1074 in
882 1014 957 1074 urbe
971 1013 1093 1096 nraosit.
1170 1023 1172 1026 ·

106 1101 147 1158 nt
162 1098 235 1157 Cato
254 1111 365 1156 censor
381 1113 449 1156 cum
463 1098 574 1158 codem
588 1095 699 1159 Flacco
717 1100 818 1159 iactam
833 1113 942 1159 severe
963 1099 1124 1172 praefulta
1171 1107 1173 1110 ’

106 1183 133 1241 ei
151 1181 304 1256 potestati.
340 1181 416 1239 Nam
429 1187 462 1240 et
475 1181 506 1240 in
522 1182 689 1256 compluris
704 1183 816 1243 nobilis
838 1181 1050 1246 animadvertit
1064 1187 1095 1242 et

105 1267 220 1344 multas
232 1281 284 1325 res
305 1281 402 1325 novas
417 1265 447 1324 in
463 1265 597 1326 edictum
610 1265 729 1327 addidit
742 1283 838 1342 quare
858 1266 979 1326 luxuria
997 1263 1093 1341 repri-

105 1357 254 1422 meretur,
279 1365 359 1423 qune
374 1348 434 1409 iam
448 1349 692 1423 tum-incipiebat
705 1353 866 1426 pullulare.
902 1351 1027 1410 circiter
1041 1365 1125 1418 ana

105 1451 165 1513 rios
182 1434 344 1506 octoginta,
361 1433 514 1509 usquead
528 1439 695 1492 extremam
711 1441 842 1494 aetatem
858 1436 895 1495 ab
911 1434 1093 1494 adulescen-

105 1519 161 1591 tia,
181 1517 225 1576 rei
246 1517 389 1592 publicae
403 1532 499 1577 causa
513 1517 674 1592 suscipere
694 1518 865 1578 inimicitias
886 1535 947 1578 non
959 1517 1093 1598 'destitit

4 1667 5 1674 ,
104 1604 133 1661 Α
148 1601 249 1662 multis
265 1605 430 1675 temptatus
445 1617 506 1662 non
524 1600 616 1662 modo
632 1604 747 1664 nullum
762 1603 973 1663 detrimentum
989 1601 1093 1660 existi-

49 1740 61 1746 -
104 1685 335 1746 mationislecit
349 1685 406 1744 sed
424 1686 528 1760 quoad
541 1685 773 1747 vixit›virlutum
790 1687 881 1747 laude
898 1685 1001 1745 crearit.

190 1770 224 1828 ln
246 1769 388 1830 omnibus
408 1769 502 1830 rebus
524 1770 672 1843 singulari
688 1772 744 1832 luit
764 1770 923 1830 industria.
958 1768 1033 1827 Nam
1055 1775 1084 1828 et
1095 1774 1135 1833 111

104 1854 366 1928 agricola‘sollers
381 1860 412 1914 et
423 1854 540 1927 peritus
556 1851 792 1916 iurisconsultus
809 1859 839 1913 et
853 1867 983 1928 magnus
997 1852 1093 1926 impe-

103 1944 189 1998 rator
209 1945 239 1998 et
253 1937 421 2012 probabilis
444 1942 548 1998 orator
562 1944 592 1996 et
614 1937 832 2012 cupidissimus
847 1939 1012 1998 litterarum
1027 1936 1101 2013 luit..
1177 1934 1187 1953 “

104 2021 238 2096 Quarum
254 2021 387 2081 studium
399 2021 456 2080 etsi
470 2021 574 2082 senior
588 2021 767 2096 arripuerat,
783 2031 882 2082 tamen
893 2029 1009 2082 tantum
1021 2032 1122 2094 praa

102 2121 246 2182 gressum
256 2105 330 2165 lecit
343 2112 376 2166 ut
390 2120 452 2163 non
468 2105 557 2166 facile
571 2107 700 2180 reperiri
715 2108 823 2180 possit,
839 2121 942 2180 neque
952 2106 991 2163 de
1000 2105 1091 2164 Grae-

103 2191 150 2254 cis
165 2204 269 2263 neque
283 2189 446 2248 deltalicis
461 2190 555 2270 rebus
572 2191 655 2263 quod
671 2190 698 2248 ei
715 2190 804 2248 luerit
817 2189 1015 2262 incognitum.
1043 2186 1123 2250 Aba

103 2272 316 2333 adulescentie
331 2273 463 2332 coniecit
480 2271 646 2332 orationes.
677 2271 781 2332 Senex
794 2271 940 2331 historias
956 2270 1092 2330 scribere

101 2356 239 2416 instituit.
274 2356 387 2417 Earum
409 2357 481 2416 sunt
499 2355 568 2414 libri
588 2361 718 2430 septem.
751 2354 869 2415 Primus
886 2354 1021 2415 cundoet
1040 2369 1092 2412 res

102 2447 208 2514 gestm
228 2455 337 2514 regum
357 2439 465 2514 populi
484 2441 630 2515 Romani,
657 2440 815 2500 secundus
836 2446 866 2498 et
886 2440 993 2500 tertius
1009 2438 1092 2498 unde

3 2573 4 2594 ,
103 2538 248 2598 quaeque
263 2523 372 2584 civitas
388 2529 454 2584 orta
469 2525 509 2583 sit
522 2523 636 2592 Italica.
662 2523 707 2584 Ob
724 2539 816 2599 quam
830 2539 894 2584 rem
910 2523 1009 2584 omnis
1026 2521 1091 2582 Ori-
1123 2535 1127 2540 ’

3 2603 4 2660 f
101 2608 191 2682 gipes
208 2607 328 2668 videtur
343 2608 531 2696 appellasse.
565 2609 598 2667 ln
615 2616 724 2684 quarto
741 2616 842 2668 autem
856 2609 968 2667 bellum
982 2605 1091 2665 Poeni-

101 2707 173 2751 cum
188 2697 235 2750 est
249 2691 389 2766 primum,
404 2693 435 2752 in
451 2693 555 2766 quinto
573 2693 752 2754 secuirdum.
765 2695 884 2766 ··Atque
898 2691 975 2750 llaec
984 2689 1122 2766 omnial
1185 2690 1189 2698 '

101 2775 293 2850 capitulatim
312 2783 384 2836 sunt
403 2777 494 2836 dicta.
528 2777 721 2853 Reliquaque
737 2776 817 2834 bella
831 2775 898 2848 pari
913 2774 1006 2834 modo
1021 2787 1091 2847 per—

100 2865 228 2919 secutus
244 2864 292 2920 est
306 2875 408 2934 usque
422 2859 463 2918 ad
478 2867 652 2934 praeturam
661 2859 759 2920 Servii
768 2859 884 2919 Galbae
899 2858 950 2932 qui
965 2855 1093 2932 diripuit

99 2943 276 3002 Lusitanos.
310 2943 413 3016 Atque
431 2942 542 3004 horum
565 2944 712 3003 bellorum
729 2944 825 3003 duces
840 2958 903 3002 non
925 2941 1093 3002 nominavit
1184 2957 1186 2961 ⁴

101 3026 242 3086 eadsine
258 3026 437 3086 nominibus-
445 3041 498 3086 res
513 3027 640 3087 ocavit.
675 3028 712 3107 ln
724 3025 833 3086 iisdem
848 3027 995 3100 exposuit
1010 3039 1092 3098 quae

100 3109 454 3186 initaliallispaniisque
464 3117 517 3171 aut
527 3110 637 3171 fierent
651 3117 703 3171 aul
713 3109 890 3170 viderentur
901 3109 1091 3170 admiranda.

99 3192 135 3334 ξι]
157 3193 271 3268 ciuibus
290 3196 386 3254 multa
405 3195 556 3256 industria
577 3199 607 3254 et
627 3193 784 3268 diligentia
806 3184 980 3270 compar'et,
1007 3192 1091 3251 nulla

3 3297 4 3323 l
124 3277 251 3337 octrina.
433 3298 435 3303 ·
941 3319 943 3323 «

99 3355 102 3366 “
179 3361 278 3421 Huius
298 3360 338 3419 de
354 3361 415 3420 vita
434 3368 466 3422 et
480 3361 618 3440 moribus
634 3363 723 3436 plura
736 3362 767 3420 in
783 3376 820 3422 eo
835 3361 915 3420 libro
935 3365 1121 3434 persecutia
1144 3368 1158 3388 ⁹

101 3459 210 3504 sumus
219 3458 311 3518 quem
319 3444 483 3519 separatim
491 3445 710 3518 deeoiecimus
719 3452 829 3519 rogatu
835 3443 1091 3517 upomponttnt-
1103 3508 1105 3514 Α

101 3526 163 3586 tici.
175 3527 289 3600 ‘Quare
300 3530 465 3599 studiosos,
473 3529 595 3590 Catonis
608 3530 648 3590 ad
659 3529 733 3590 illud
746 3531 889 3590 volumen
900 3528 1091 3602 delegamus.
