2556 3994
180 199 223 268 aa
413 157 942 266 manuductionem.

181 351 220 416 ad
232 352 285 412 illo
297 352 359 414 duo
371 352 540 428 opprobria
549 353 698 428 pervenit,
713 353 856 417 admirari
871 369 906 414 sc
921 351 999 414 dixit
1012 351 1169 415 stultitiam

179 435 311 496 rhetoris
332 435 440 510 Attici,
469 437 604 512 quinon
632 437 881 496 animadverterit
901 435 1073 496 innocentis
1096 437 1167 496 illos

159 537 164 550 ·
180 527 278 592 natos,
291 520 374 579 dorni
386 519 504 580 scelere
515 520 653 580 admisso
665 537 734 580 cum
746 521 845 595 patria
855 527 962 582 essent
972 520 1105 594 expulsi,
1121 537 1167 578 rc·
1253 529 1254 536 ¹

153 609 289 678 ineptos
303 618 375 664 esse
386 603 424 662 ab
436 603 686 664 Atheniensibus.
699 603 761 664 Sed
774 603 980 664 maximceius
992 605 1169 678 eloquentia

180 686 276 748 eluxit
296 685 424 761 Spartae
444 685 536 762 legati
557 694 628 746 ante
649 703 782 763 pugnam
796 687 994 746 Leuctricam.
1017 687 1084 760 Quo
1101 703 1169 746 cum
1255 701 1256 714 ¹

181 771 315 831 omnium
329 771 485 831 sociorum
502 769 720 831 convenissent
741 771 848 846 legati,
867 785 971 834 coram
987 771 1169 844 frequentis·
1256 774 1257 796 ³

181 854 258 914 simo
281 853 465 928 legationum
486 862 637 914 conventu
660 851 705 912 sic
727 853 1039 914 Lacedaemoniorum
1062 861 1165 929 tyron·
1257 884 1258 888 =

182 936 284 998 nidcm
304 937 443 1013 coarguit
466 943 500 997 ut
525 953 586 996 non
608 936 707 998 minus
730 936 783 998 illa
805 937 943 1000 oratione
965 951 1042 1012 opes
1063 953 1170 998 eorum

182 1021 374 1082 concusserit
394 1037 487 1095 quant
507 1021 667 1094 Leuctrica
687 1037 802 1096 pugna.
841 1021 915 1082 Tum
937 1021 1017 1079 enim
1038 1021 1172 1096 perfecit

182 1105 267 1181 quod
287 1112 359 1180 post
381 1105 538 1180 apparuit,
566 1112 600 1165 ut
619 1105 733 1165 auxilio
753 1102 989 1165 Lacedaemonii
1010 1105 1170 1166 sociorum

182 1188 383 1263 privarentur.

139 1271 196 1332 Vll
255 1271 366 1332 Fuisse
376 1271 542 1346 patientem
555 1286 746 1346 suorumque
757 1271 883 1332 iniurias
891 1273 1038 1330 ferentem
1046 1271 1170 1344 civium,

183 1354 268 1428 quod
283 1369 318 1415 se
333 1355 451 1430 patriae
466 1355 559 1414 irasci
573 1355 660 1414 netas
674 1369 746 1414 esse
757 1354 893 1428 duceret,
908 1354 986 1415 haec
1000 1361 1073 1414 sunt
1085 1355 1171 1424 testi-

181 1437 293 1497 monia·
317 1439 390 1498 Cum
405 1454 474 1498 eum
491 1446 618 1513 propter
632 1437 779 1496 invidiam
793 1439 877 1499 cives
893 1438 1065 1512 praeficere
1081 1453 1171 1498 exer-

183 1522 254 1582 citui
282 1523 453 1582 noluissent
479 1522 605 1596 duxque
632 1529 717 1582 esset
738 1521 876 1582 delectus
903 1521 974 1580 bclli
998 1522 1170 1596 imperitus,

182 1605 269 1666 cuius
291 1621 396 1666 errore
418 1621 456 1666 eo
479 1613 565 1666 esset
586 1605 719 1665 deducta
739 1606 792 1664 illa
805 1603 964 1666 multitudo
987 1605 1117 1664 militum
1137 1611 1171 1664 ut

182 1705 289 1749 omncs
306 1690 345 1749 de
359 1690 458 1750 salute
472 1690 732 1764 pertimescerent,
755 1689 839 1764 quod
864 1689 1001 1749 locorum
1016 1688 1170 1762 angustiis

183 1773 280 1834 clausi
301 1773 339 1834 ab
359 1773 501 1834 hostibus
524 1772 760 1846 obsidebantur,
789 1772 958 1832 desiderari
981 1779 1094 1847 coepta
1122 1787 1171 1831 est

182 1857 414 1931 Epaminondae
432 1858 596 1932 diligentia.
629 1857 702 1917 Lrat
722 1856 801 1917 enim
823 1856 864 1916 ibi
888 1856 1024 1930 privatus
1039 1868 1169 1914 numero

154 1940 294 2002 amilitis.
332 1942 434 2016 Aquo
456 1957 525 2000 curn
546 1947 684 2015 peterent
704 1956 804 2015 opem,
824 1940 938 2000 nullam
950 1937 1090 1999 adhibuit
1100 1953 1165 1998 me-

182 2023 311 2083 moriam
337 2024 539 2082 contumeliae
561 2031 592 2084 ct
618 2025 785 2085 exercitum
810 2022 974 2085 obsidione
1006 2023 1169 2088 liberatum
1219 2083 1221 2090 ,

156 2107 308 2170 bdomum
322 2105 443 2167 reduxit
457 2106 650 2167 incolumem.
672 2107 736 2167 Nec
750 2123 825 2168 vero
840 2107 900 2166 hoc
915 2107 1011 2189 semel
1026 2106 1098 2166 lecit
1111 2107 1167 2166 sed

151 2255 154 2260 ,
184 2191 317 2266 saepius.
344 2190 477 2250 Maxime
495 2197 595 2250 autem
608 2189 662 2249 luit
682 2191 814 2263 illustre,
836 2207 905 2250 cum
918 2190 1168 2266 Peloponnesum

183 2275 349 2335 exercitum
369 2274 510 2336 duxisset
526 2275 677 2334 adversus
691 2275 954 2336 Lacedaemonios
977 2273 1170 2346 haberetque

184 2357 319 2432 collegas
341 2359 430 2430 duos,
451 2374 581 2432 quorum
603 2357 679 2416 alter
693 2364 758 2417 erat
771 2357 945 2432 Pelopidas,
965 2358 1013 2416 vir
1028 2357 1115 2416 lortis
1131 2373 1171 2416 ac

184 2449 334 2500 strenuus.
362 2441 399 2498 lli
415 2455 483 2520 cum
498 2439 674 2500 criminibus
689 2440 932 2501 adversariorum
950 2456 1056 2500 omnes
1070 2441 1102 2499 in
1116 2440 1171 2498 in-

182 2523 296 2582 vidiam
321 2525 478 2583 venissent
505 2523 545 2582 ob
574 2539 704 2600 eamque
735 2540 800 2584 rem
824 2525 985 2598 imperium
1010 2525 1056 2584 eis
1084 2530 1171 2583 esset

184 2606 362 2681 abrogatum
377 2613 470 2681 atque
481 2607 510 2666 in
527 2622 632 2667 eorum
647 2609 747 2668 locum
758 2607 809 2666 alii
823 2614 981 2682 praetores
997 2606 1170 2668 successis-

155 2697 261 2765 tsent,
276 2690 505 2766 Epaminondas
523 2691 708 2766 populiscito
723 2707 785 2764 pon
803 2691 903 2766 paruit
918 2692 1062 2768 idemque
1076 2698 1110 2750 ut
1125 2691 1138 2749 l
1157 2720 1170 2730 -

184 2779 289 2833 cenent
299 2775 453 2848 persuasit
464 2775 590 2849 collegis
603 2781 633 2834 et
648 2775 759 2836 bollum
771 2775 855 2849 quod
868 2782 1050 2850 susceperat
1061 2773 1170 2848 gessit

182 2857 321 2930 Namque
336 2858 605 2932 animadvertebat,
621 2859 680 2918 nisi
694 2859 726 2917 id
741 2858 875 2931 iecisset,
892 2866 987 2918 totum
1002 2858 1170 2919 exercitum

184 2945 314 3014 propter
331 2951 507 3014 praetorum
527 2941 761 3017 imprudentiam
782 2941 998 3016 inscitiamque
1011 2941 1082 3001 belli
1098 2957 1169 3018 per·

155 3023 303 3090 5iturum.
340 3021 404 3084 Lex
425 3031 490 3084 erat
511 3025 621 3086 'lbebis
646 3039 724 3099 quac
745 3033 842 3087 morte
863 3027 1024 3098 multabat,
1046 3025 1073 3082 si
1097 3022 1169 3098 quis

183 3107 344 3182 imperium
357 3107 470 3168 diutius
485 3109 662 3186 retinuisset
677 3125 767 3182 quarn
783 3111 851 3184 lege
869 3108 1064 3184 praefinitum
1079 3107 1169 3166 toret.

183 3192 269 3252 Hanc
283 3189 513 3264 Epaminondas
529 3207 597 3251 curn
614 3193 658 3251 rei
671 3191 812 3266 publicae
827 3191 1061 3252 conservandae
1073 3205 1171 3250 causa

184 3276 275 3336 latam
295 3274 429 3349 videret,
457 3274 498 3334 ad
521 3275 687 3348 perniciem
712 3275 841 3336 civitatis
864 3275 1004 3336 conterre
1022 3273 1120 3334 noluit
1139 3279 1171 3333 et

185 3363 327 3434 quattuor
341 3357 500 3419 mensibus
521 3357 634 3417 diutius
656 3374 747 3434 quarn
767 3360 902 3435 populus
921 3359 1058 3432 iusserat
1071 3355 1171 3432 gessit
1229 3381 1237 3396 ·

183 3439 354 3516 imperium.
