2556 3994
324 261 891 332 xv.urhn111l01luns.1.n.a.
1040 267 1080 330 53

91 415 151 475 hus
172 413 213 474 sit
226 414 380 488 eruditus,
402 422 465 475 turn
481 416 671 478 demonibus
693 411 868 496 ingeniiqu‘e
884 422 1094 484 lacultrtibus'

90 505 120 559 et
141 498 170 558 si
193 513 254 574 qua
274 498 333 558 alia
349 499 440 572 digna
455 502 601 561 memoria
622 511 724 578 erunt,
747 511 903 580 postremo
925 507 964 566 de
984 506 1077 567 rebus

89 583 206 657 gestis,
227 598 308 658 quae
324 598 342 641 a
356 577 494 656 pluriinis
511 586 645 646 omnium
667 594 893 662 anteponuntur
906 589 1077 662 ¹virtutibus.

175 665 272 729 Natus
304 665 393 740 igitur
419 672 505 741 patre
532 685 593 744 quo
620 669 769 743 diximus,
803 687 916 746 genere
941 672 1120 748 honesto,ll

91 752 292 826 pauperiem
315 750 520 812 amarioribus
541 754 683 828 relictus,
705 755 842 815 eruditus
859 763 958 816 autern
980 757 1025 816 sic
1045 766 1080 817 ιιι

89 850 182 895 nemo
203 834 365 894 Thebanus
386 835 493 910 magis.
528 835 604 896 liam
619 843 649 896 et
663 837 840 899 citharizare
856 845 885 899 et
901 849 1023 900 cantare
1038 841 1079 900 ad

89 919 277 979 chordarum
292 933 401 979 sonum
418 919 527 980 doctus
543 929 591 981 est
605 937 624 980 a
637 922 797 1000 Dionysio,
821 925 872 998 qui
888 939 949 983 non
962 925 1078 985 minore
1167 925 1170 930 “

89 1003 148 1062 luit
160 1003 191 1061 in
206 1002 331 1062 musicis
347 1003 444 1077 gloria
459 1019 551 1078 quam
566 1006 684 1066 Damon
699 1012 751 1066 aut
764 1005 923 1082 Lamprus,
947 1024 1077 1082 quorum

91 1086 273 1162 pervulgata
294 1095 366 1147 sunt
384 1087 522 1161 nomina,
546 1097 670 1149 cantare
690 1088 780 1149 tibiis·
790 1089 828 1148 ab
846 1087 1077 1168 Olympiodoro,

89 1172 206 1230 saltare
220 1186 238 1229 a
253 1169 455 1254 Calliphrone.
483 1174 524 1232 At
540 1172 755 1248 philosophiae
776 1181 1010 1249 praeceptorem
1024 1175 1107 1234 har

89 1255 156 1314 buil
175 1253 281 1332 Lysim
301 1255 508 1328 Tarentinum,
529 1256 767 1334 Pythagoreum.
804 1257 857 1317 Cui
883 1256 1007 1333 quidem
1034 1259 1091 1318 sic

89 1338 147 1398 luit
158 1339 279 1399 deditus
294 1345 327 1398 ιιι
340 1338 522 1399 adulescens
534 1341 650 1400 tristem
663 1356 699 1400 ae
712 1355 854 1400 severum
865 1356 972 1404 senem
983 1343 1077 1402 omni-

48 1441 52 1448 ·
88 1423 151 1482 bus
173 1422 354 1497 aequalibus
376 1423 441 1482 suis
456 1423 484 1481 in
507 1423 708 1484 familiaritate
730 1425 953 1499 anteposuerit,
977 1441 1079 1500 neque

88 1507 177 1582 prius
193 1521 262 1566 eum
279 1523 297 1566 a
311 1521 346 1564 se
361 1506 473 1567 dimisit
493 1523 585 1582 quam
599 1506 630 1565 in
646 1507 897 1569 doctrinistanto
914 1510 1079 1570 antecessit
1117 1539 1121 1550 ·

90 1591 323 1664 condiscipulos
338 1597 371 1652 ιιι
386 1591 474 1650 lacile
489 1591 622 1666 intellegi
636 1600 748 1666 posset
760 1592 827 1666 pari
842 1593 935 1655 modo
951 1609 1077 1670 supera-

87 1682 191 1734 turum
212 1673 310 1734 omnis
325 1675 356 1733 in
372 1675 482 1735 ceteris
504 1676 630 1737 artibus.
665 1679 768 1751 Atque
790 1675 867 1738 haec
883 1677 922 1736 ad
943 1681 1108 1756 nostramu

89 1758 347 1819 consuetudinem
368 1765 439 1819 sunt
459 1760 539 1818 levia
559 1768 589 1819 et
608 1761 712 1834 potius
735 1760 975 1830 contemnenda;
999 1768 1030 1821 at
1048 1761 1079 1820 in

90 1841 229 1913 Graecia,
245 1843 350 1918 ulique
364 1843 443 1915 olim,
455 1857 584 1918 magnae
596 1843 678 1903 laudi
691 1851 786 1906 erant.
807 1843 974 1918 Postquam
986 1843 1109 1920 ephe-l

89 1927 149 1986 bus
166 1927 328 1987 estractus
343 1933 373 1986 et
388 1927 561 2001 palaestrae
577 1928 652 1986 dare
667 1939 793 2003 operam
808 1927 919 2003 coepit,
941 1935 1080 1989 nontam

89 2011 290 2086 magnitudini
311 2011 421 2072 virium
443 2011 569 2072 sanxivit
590 2027 681 2085 quam
701 2011 864 2073 velocitati.
893 2013 978 2072 illam
999 2013 1079 2072 eninr

90 2095 129 2153 ad
151 2094 332 2155 athletarum
354 2113 457 2169 usum,
481 2095 560 2154 hanc
575 2095 614 2154 ad
631 2095 700 2154 belli
716 2095 908 2157 existimabat
922 2098 1080 2157 utilitatem

91 2179 253 2252 pertinere.
288 2180 395 2255 ltaque
417 2179 619 2250 exercebatur
632 2179 803 2256 plurimum
817 2180 968 2239 currendo
985 2185 1015 2237 et
1036 2181 1108 2242 ιιι-5

91 2263 202 2321 olando
219 2263 258 2322 ad
273 2277 343 2323 eum
357 2264 450 2323 finem
465 2262 568 2337 quoad
584 2270 670 2322 stans
686 2261 849 2335 complecti
863 2269 973 2336 posset
986 2271 1080 2336 atque

91 2346 287 2408 contendere.
316 2349 351 2406 ln
366 2347 459 2407 armis
473 2360 548 2404 vero
564 2345 726 2421 plurimum
741 2345 833 2405 studii
849 2345 1059 2409 consumebat.

173 2431 224 2490 Ad
239 2430 318 2490 hanc
335 2432 474 2507 eorporis
490 2429 661 2489 firmitatem
674 2431 763 2506 plura
777 2429 867 2490 etiam
882 2430 973 2488 animi
988 2429 1071 2490 bona
1081 2429 1122 2490 lll

91 2513 298 2578 accesserant.
327 2515 400 2575 Erat
415 2515 493 2574 enim
507 2513 678 2588 modestus,
699 2513 846 2590 prudens,
871 2513 983 2589 gravis,
1006 2522 1079 2574 tem·

91 2597 221 2671 poribus
237 2600 392 2674 sapienter
406 2606 505 2672 utens,
522 2600 638 2674 peritus
654 2599 734 2674 belli,
757 2599 844 2659 lortis
860 2614 961 2670 manu,
977 2599 1078 2657 animo

90 2681 240 2754 maximo,
264 2681 341 2744 adeo
364 2681 498 2742 veritatis
521 2679 651 2756 diligens
667 2690 700 2742 ιιι
714 2698 753 2742 ne
771 2683 840 2741 ioco
856 2681 981 2755 quidem
995 2695 1078 2739 men-
1186 2734 1189 2738 .

57 2799 62 2808 ·
89 2767 207 2826 tiretur.
236 2767 320 2826 Idem
331 2766 500 2840 continens,
518 2768 653 2825 clemens
668 2767 852 2841 patiensque
867 2763 1107 2838 admirandumr

90 2851 121 2909 in
135 2849 278 2924 modum,
300 2867 362 2911 non
378 2852 478 2912 solum
493 2849 601 2925 populi
616 2849 673 2908 sed
688 2849 778 2908 etiam
793 2847 961 2928 amicorum
976 2849 1079 2909 lerens

90 2932 235 3008 iniurias,
257 2934 395 3010 inprimis
417 2934 583 2994 commissa
603 2935 723 3007 celans,
746 2931 830 3008 quod
850 2931 1001 2992 interdum
1017 2949 1079 2993 non

89 3018 191 3078 annus
215 3017 342 3092 prodest
360 3031 452 3094 quam
473 3017 586 3076 diserte
601 3015 713 3088 dicero,
737 3015 896 3078 studiosus
918 3015 1079 3086 audienda

90 3115 130 3161 ex
151 3101 212 3162 hoc
232 3101 311 3161 enim
333 3101 475 3163 facillime
494 3099 573 3160 disci
594 3099 804 3162 arbitrabatur.
839 3097 946 3176 Itaque
962 3115 1029 3159 cum
1050 3100 1108 3162 inb

49 3204 54 3214 ·
90 3185 239 3245 circulum
259 3187 409 3260 venisset,
431 3185 539 3260 inquo
562 3189 613 3243 aut
627 3183 666 3242 de
680 3197 715 3242 re
734 3183 857 3258 publica
872 3183 1081 3258 disputaretur

91 3275 144 3328 aut
158 3267 197 3328 de
213 3268 410 3346 philosophia
421 3281 524 3330 senno
539 3265 712 3341 haberetur,
728 3283 894 3342 numquam
910 3266 981 3325 inde
994 3267 1080 3340 prius

92 3351 241 3412 discessit
261 3369 353 3428 quam
369 3351 515 3413 adfinem
532 3363 633 3411 senno
649 3357 733 3412 esset
748 3351 911 3411 adductus.
945 3348 1110 3424 Pauper-4

91 3441 185 3495 tatem
197 3435 276 3497 adeo
288 3438 379 3498 facile
391 3449 561 3512 perpessus
574 3441 622 3494 est
631 3435 715 3495 utde
726 3450 760 3495 re
772 3434 896 3511 publica
906 3431 978 3491 nihil
993 3447 1080 3508 prae-

91 3525 138 3578 ter
148 3518 278 3593 gloriam
293 3521 418 3596 ceperit,
438 3519 605 3580 amicorum
618 3518 648 3578 in
665 3533 700 3580 se
711 3518 826 3580 tuendo
843 3515 974 3577 caruerit
988 3516 1083 3577 lacul-
