2556 3994
363 293 443 354 xlv.
466 293 700 370 DATxMuS,
723 305 750 358 b.
765 303 792 358 6.
806 303 833 358 7.
1027 293 1070 357 49

164 443 229 504 Sed
251 444 329 506 haec
350 454 478 522 propter
502 445 633 506 hiemale
653 455 775 523 tempus
798 447 898 506 minus
920 449 1113 522 prospereVl

74 527 303 602 procedebant.
332 531 426 590 Audit
439 529 560 591 Pisidas
578 531 730 606 quasdam
746 531 855 606 copias
870 530 1022 591 adversus
1037 545 1072 591 se

74 625 202 686 parare.
224 607 339 672 ¹filium
356 629 393 674 eo
406 615 572 676 Arsideum
585 627 654 674 cum
669 615 806 675 exercitu
816 613 914 674 mittit.
942 613 1027 674 Cadit
1041 615 1072 674 in

75 695 199 768 proelio
223 695 418 756 adulescens.
454 697 663 758 Proficiscitur
684 714 722 758 eo
746 705 834 772 pater
856 713 918 758 non
939 699 980 759 ita
1001 714 1072 759 cum

74 793 191 852 magna
213 793 306 839 manu
327 782 431 842 celans
459 787 604 857 quantum
628 784 741 842 vulnus
769 783 957 856 accepisset,
988 782 1073 856 quod

76 862 166 936 prius
179 861 221 922 ad
233 861 352 924 hostem
365 867 528 940 pervenire
541 865 685 940 cupiebat
697 881 788 941 quarn
800 865 839 924 de
849 867 929 925 male
940 881 974 924 re
985 873 1073 940 gesta

77 947 162 1004 lama
188 945 229 1006 ad
251 963 326 1008 suos
353 950 541 1024 perveniret,
570 964 610 1008 nc
635 950 757 1024 cognita
781 949 834 1008 filii
857 955 956 1009 morte
981 949 1072 1009 animi

76 1029 313 1091 debilitarentur
334 1033 469 1093 militum.
504 1033 570 1106 Quo
593 1034 794 1093 contenderat
816 1033 954 1106 pervenit
969 1033 1100 1108 iisquet
1149 1035 1154 1046 '

76 1113 156 1173 locis
174 1121 277 1174 castra
291 1116 392 1190 ponit,
414 1125 448 1176 ut
462 1131 563 1191 neque
579 1115 730 1176 circumiri
752 1117 942 1176 mullitudine
962 1117 1072 1176 adver·

77 1197 233 1256 sariorum
248 1208 357 1274 posset
370 1216 473 1275 neque
493 1200 633 1275 impediri
648 1216 710 1276 quo
725 1200 826 1260 minus
847 1201 916 1275 ipse
931 1200 970 1258 ad
986 1201 1071 1260 dimi-

78 1282 214 1340 candum
232 1299 353 1343 manum
374 1284 501 1344 haberet
522 1283 707 1359 expeditam.
736 1284 809 1344 Erat
824 1299 892 1344 cum
908 1299 944 1344 eo
960 1284 1101 1348 Metro-3

24 1403 30 1424 .
79 1365 249 1439 barzanes,
271 1383 362 1427 socer
377 1369 459 1438 eius,
485 1368 660 1444 praefectus
677 1369 823 1442 equiturn.
851 1369 881 1428 ls
898 1369 1070 1443 desperatis

78 1450 186 1522 generi
202 1448 295 1511 rebus
310 1453 349 1510 ad
364 1451 463 1511 hostis
478 1452 649 1526 transfugit.
678 1451 712 1512 Id
728 1453 871 1512 Datames
893 1457 926 1512 ut
946 1452 1070 1526 audivit,

80 1533 195 1606 sensit,
219 1535 246 1592 si
261 1535 289 1593 in
305 1536 424 1594 turbam
440 1535 558 1594 exisset
570 1536 611 1597 nb
627 1535 750 1596 homine
765 1544 826 1596 tam
841 1537 1019 1596 necessario
1036 1551 1072 1596 se

79 1617 235 1688 relictum,
266 1621 399 1678 fauturum
423 1625 458 1679 ut
483 1619 575 1678 ceteri
601 1621 762 1680 consilium
788 1625 1001 1695 sequerentur.
1036 1621 1100 1679 lnl

80 1702 193 1774 tulgus
209 1701 271 1761 edit
286 1716 343 1762 suo
362 1703 451 1762 iussu
464 1703 726 1764 Metrobarzanem
743 1705 914 1780 profectam
928 1719 986 1778 pro
1001 1719 1070 1777 per-

81 1785 162 1858 fuga,
186 1793 249 1860 quo
265 1785 385 1846 facilius
400 1793 545 1862 receptus
566 1788 753 1848 interficeret
772 1787 888 1856 laostis3
913 1801 1009 1861 quare
1023 1801 1071 1846 re-

80 1867 176 1944 linqui
189 1883 258 1927 eum
270 1887 328 1945 par
343 1887 405 1931 non
424 1887 496 1930 esse
513 1877 544 1930 et
562 1871 662 1930 omnis
681 1871 841 1931 confestim
853 1871 956 1946 sequi;
988 1872 1070 1945 quod

80 1952 105 2010 si
120 1953 222 2012 animo
236 1961 361 2015 strenuo
379 1955 535 2028 fecissent,
551 1955 685 2015 futurum
697 1961 729 2015 ut
741 1954 910 2034 adversarii
923 1971 984 2016 non
998 1961 1069 2030 pos·

80 2043 149 2095 sent
169 2038 331 2109 resistere,
357 2055 426 2098 curn
447 2045 478 2098 et
498 2039 576 2098 intra
590 2040 703 2099 vallum
718 2047 748 2098 et
762 2039 837 2099 loris
860 2038 1071 2100 caederentur.

79 2119 144 2178 Hac
163 2135 198 2179 re
220 2122 366 2196 probata,
389 2123 555 2183 exercitum
578 2123 695 2196 educit,
717 2121 980 2183 Metrobarzanem
1002 2132 1098 2197 per-5

80 2205 220 2279 sequatur
235 2213 360 2266 tantum.
391 2206 446 2279 Qui
463 2207 585 2266 eumad
600 2207 698 2267 hostis
713 2214 903 2280 pervenerat,
926 2208 1070 2266 Datames

81 2287 169 2361 signa
181 2288 285 2348 inferri
300 2289 393 2348 iubet.
414 2289 536 2349 Pisidae
550 2305 633 2348 nova
643 2305 677 2348 re
692 2291 834 2350 commoti
849 2291 879 2348 in
895 2288 1099 2365 opinionemti

80 2371 277 2432 adducuntur
291 2375 439 2448 perfugas
454 2374 535 2432 mala
548 2373 611 2432 fide
634 2373 872 2448 compositoque
887 2373 1016 2446 fecisse,
1038 2381 1071 2432 ut

80 2457 198 2531 recepti
212 2457 321 2517 nlaiori
337 2465 442 2517 essent
457 2457 627 2516 calamitati.
662 2455 795 2517 Primum
811 2473 866 2517 eos
882 2453 1069 2521 adoriuntur.

81 2539 122 2597 llli
139 2555 211 2600 curn
228 2541 301 2616 quid
323 2549 464 2615 ageretur
478 2548 530 2601 aut
546 2556 641 2616 quare
655 2539 743 2602 fieret
759 2543 958 2616 ignorarent,
973 2541 1071 2602 coacti

81 2630 151 2682 sunt
167 2639 237 2684 cum
252 2625 297 2683 eis
313 2641 450 2700 pugnare
465 2626 505 2687 ad
520 2641 600 2701 quos
614 2626 799 2686 transierant
813 2625 851 2685 ab
866 2627 975 2698 eisque
985 2630 1071 2684 stare

83 2724 162 2782 quos
178 2709 376 2784 reliquerant.
407 2710 522 2784 Quibus
540 2725 609 2770 cum
624 2711 723 2770 neutri
739 2716 909 2784 parcerent,
933 2708 1099 2769 celeriter?

82 2801 150 2852 sunt
174 2791 300 2852 concisi.
336 2793 484 2869 Reliquos
499 2793 620 2854 Pisidas
634 2793 805 2854 resistentis
821 2791 964 2852 Datames
985 2791 1071 2850 inva-

81 2875 129 2952 dit,
154 2875 256 2950 primo
269 2876 383 2952 impetu
393 2879 487 2952 pellit,
510 2875 653 2952 fugientis
665 2877 870 2952 persequitur,
896 2877 1008 2936 multos
1025 2875 1071 2934 in·

80 2959 199 3033 terficft,
216 2966 316 3019 castra
328 2959 461 3020 hostium
476 2960 566 3034 capit.
588 2963 653 3019 Tali
665 2961 795 3021 consilio
811 2977 873 3020 uno
888 2967 1026 3034 tempore
1042 2963 1100 3017 et8

80 3043 257 3116 proditores
272 3044 403 3118 perculit
416 3050 446 3102 et
460 3043 558 3103 hostis
574 3043 750 3118 profligavit
770 3051 800 3104 et
815 3043 900 3120 quod
914 3045 954 3104 ad
968 3043 1071 3118 perni-

81 3125 159 3186 cie'rn
175 3143 263 3186 suam
278 3129 377 3188 fuerat
391 3129 556 3202 cogitatum
571 3126 602 3186 id
617 3127 657 3186 ad
672 3127 801 3188 salutem
817 3128 973 3188 convertit.
1005 3125 1069 3198 Quo

80 3225 185 3285 neque
201 3212 319 3270 acutius
335 3212 426 3272 ullius
442 3213 634 3287 imperatoris
648 3210 811 3285 cogitatum
824 3226 925 3287 neque
940 3209 1070 3270 celerius

80 3296 195 3355 factum
209 3310 341 3372 usquam
356 3295 494 3368 legimus

166 3378 215 3438 Ab
231 3379 318 3438 hcet
306 3387 405 3438 tamen
421 3377 487 3440 viro
505 3377 646 3456 Sysinas,
662 3379 794 3440 maximo
809 3387 882 3438 natu
897 3378 985 3446 lilius,
1003 3375 1055 3436 de·
1056 3337 1112 3436 Vll

82 3462 151 3522 sciit
173 3461 213 3521 ad
234 3477 402 3538 regemque
416 3463 536 3523 transiit
556 3463 640 3522 etde
655 3463 827 3523 defectione
842 3461 937 3536 patris
954 3460 1070 3520 detulit.

82 3545 147 3619 Quo
170 3547 276 3605 nuntio
291 3549 480 3606 Artaxerxes
496 3553 682 3619 commotuS,
706 3546 790 3621 quod
804 3544 998 3618 intellegebat
1012 3543 1070 3604 sibi

123 3643 212 3691 cona.
227 3645 292 3688 ner.
888 3634 906 3686 4
1037 3668 1040 3673 -
