2528 3994
175 245 220 312 Ν
321 241 1027 309 xmruoclml.'t.--ltlttlltatll01t.r.
1085 293 1088 296 .

147 395 301 474 aptatae
320 393 549 458 demutasti
569 393 680 466 solem.
714 393 772 454 uic
787 406 857 456 cum
871 393 912 456 ad
925 399 1055 458 marmor
1068 394 1166 458 duce

173 489 272 555 retur,
294 477 409 544 obvius·
428 480 457 538 ei
479 477 534 538 luit
552 476 747 552 Euphiletus,
770 491 833 552 qao
856 477 1043 542 familiariter
1066 479 1168 549 inerat

176 581 261 628 usus.
294 563 325 624 is
341 577 409 644 qum
424 562 588 624 lacrimans
603 561 734 622 dixisset
755 561 883 635 aquam
899 563 1027 636 adana
1046 579 1166 639 perpe—

174 652 254 720 teris,
268 645 416 711 Placent
428 647 498 707 huic
513 646 564 705 ille
577 645 618 706 Ar
629 661 688 708 non
698 647 853 720 ἰκορίκαια
868 645 980 720 inquiet
995 646 1165 710 tuamen

33 787 36 790 .
144 736 289 796 tenum
302 734 441 806 plerique
457 733 537 792 ciart
554 730 794 817 a'ntntaeuat
812 727 1013 792 Athenienses.
1048 730 1086 789 ln
1104 730 1166 794 hac

174 821 289 878 tantum
300 815 357 874 luit
368 815 472 876 odium
485 813 682 876 multitudinis
697 818 730 873 nt
744 827 833 872 neruo
846 829 940 874 ausus
956 813 1076 876 siteum
1088 813 1167 876 liber
1253 875 1254 892 ¹

175 899 319 974 sepelire.
341 898 448 972 laque
463 914 482 959 a
497 898 597 959 servis
612 897 751 971 seprdtus
767 903 824 956 est.

548 1084 733 1096 —-·-——-·—-——·d·-

403 1275 897 1418 xurlncinau.

146 1447 350 1554 rimosas,
366 1480 546 1542 corinthius.
567 1480 643 1540 sne
657 1480 751 1544 suaa
763 1481 1035 1556 magnusonnum
1048 1483 1162 1546 nuncio

174 1569 224 1626 hic
244 1565 292 1624 vir
306 1565 429 1626 exstitit.
457 1564 594 1638 Namque
609 1564 680 1626 lraic
694 1565 745 1624 arni
760 1565 886 1640 caragii
900 1565 985 1640 quod
998 1567 1107 1632 neseio
1122 1583 1162 1628 en

174 1650 257 1722 nulli,
271 1657 304 1711 ut
317 1657 348 1710 et
360 1649 489 1725 patriam
504 1649 534 1706 iu
548 1664 608 1722 qua
623 1656 687 1708 erat
702 1656 790 1710 natus
803 1664 986 1725 oppressam
1001 1655 1162 1729 atymnno

174 1735 317 1798 liberaret
335 1740 365 1794 et
385 1731 584 1810 asyracusis
607 1731 720 1805 quihus
742 1734 857 1794 auxillo
878 1740 943 1792 erat
964 1733 1079 1796 missus
1100 1735 1162 1796 ianr

173 1819 373 1878 inveteratam
394 1815 568 1878 servitutem
584 1816 753 1890 depelleret
766 1823 922 1892 mumque
937 1815 1071 1878 Siciliam
1086 1821 1162 1878 mul-

174 1912 344 1964 tosannos
366 1900 446 1960 bello
467 1905 609 1962 vexatam
631 1916 650 1960 a
672 1899 875 1976 barbarisque
896 1917 1169 1976 oppressamsuo.

143 1986 307 2048 aeduentu
328 1985 359 2042 in
380 1983 541 2059 pristinum
561 1985 742 2045 restitueret.
779 1983 842 2044 Sed
862 1987 892 2044 in
914 1985 962 2044 his
983 1985 1076 2048 rebus
1099 2002 1163 2046 ncn

173 2068 305 2144 simplici
327 2067 448 2128 tonuna
462 2065 655 2127 conflictatus
670 2075 718 2127 est
735 2076 768 2128 et
787 2069 820 2129 id
834 2067 919 2142 quod
935 2068 1089 2132 difficilius
1104 2087 1164 2145 pu·

175 2161 255 2214 tatur
268 2153 361 2212 multo
376 2149 545 2226 sapientirrs
560 2151 627 2211 tulit
641 2153 808 2212 secandam
820 2168 913 2227 quam
924 2153 1088 2214 adversam
1100 2154 1163 2214 ior-

144 2245 287 2304 atunam.
309 2236 384 2297 Nam
399 2251 467 2296 eum
482 2234 574 2296 irater
589 2235 656 2296 eius
668 2234 873 2310 Timophanes
888 2235 985 2296 duxa
998 2235 1163 2299 corinthiis
1253 2233 1254 2236 ’

174 2320 312 2392 delectus
331 2319 525 2397 tyrannidem
546 2333 603 2394 per
621 2318 732 2378 milites
747 2319 955 2380 mercenarios
975 2329 1165 2395 occupasset

174 2404 393 2478 particepsque
411 2402 498 2475 regni
517 2409 626 2476 posset
647 2417 733 2477 esse,
754 2410 870 2464 tanaim
886 2403 960 2464 aluit
981 2405 1165 2468 asccietatc

174 2486 301 2549 sceleris
329 2493 363 2546 ut
386 2486 558 2545 antetulerit
578 2483 689 2546 civium
710 2502 835 2548 suonnn
862 2485 1030 2549 libertatem
1059 2489 1165 2556 fratris

174 2569 265 2633 soluti
290 2575 320 2628 et
343 2583 453 2643 parere
477 2568 597 2642 legibus
623 2585 714 2644 quarn
742 2570 893 2647 imperare
917 2571 1035 2645 patriae
1062 2573 1165 2636 sadus

141 2653 304 2716 eduxerit.
332 2653 398 2716 Hac
418 2660 519 2714 niente
539 2667 595 2728 per
614 2651 807 2728 haruspicem
825 2669 1078 2730 communemque
1093 2657 1165 2740 uiti·

174 2754 259 2812 nem,
290 2739 339 2798 eui
368 2753 458 2798 soror
484 2752 524 2796 ex
545 2736 662 2796 eisdem
682 2737 859 2811 parentibus
881 2745 952 2798 nata
973 2747 1066 2813 nupta
1087 2748 1165 2812 erat,

173 2823 297 2882 tratrem
312 2828 475 2897 tyrannum
490 2821 734 2881 interficiundum
749 2823 874 2880 amauit
903 2823 976 2896 lpse
991 2839 1052 2883 uon
1065 2824 1165 2886 modo

174 2921 283 2969 manus
298 2921 360 2964 non
375 2906 471 2970 attulit
485 2906 542 2967 sed
556 2920 596 2964 ne
609 2903 750 2980 aspicere
770 2905 894 2980 quidem
910 2907 1075 2966 lraternurn
1089 2923 1166 2968 san-

147 2989 296 3062 sguinem
313 2988 415 3050 voluit.
437 2990 512 3052 Nam
527 2989 598 3048 dum
614 3003 665 3048 res
677 2988 887 3063 conficeretur,
903 2990 1011 3064 procul
1026 2989 1057 3052 iu
1069 3006 1166 3064 prae-

175 3072 256 3134 sidio
271 3071 344 3146 luit,
365 3089 404 3136 ne
420 3074 489 3148 quis
511 3073 636 3134 satelles
650 3080 760 3148 posset
773 3087 964 3134 succurrere.
991 3073 1058 3132 Hoc
1073 3090 1166 3148 prae-

174 3157 376 3221 clarissimum
391 3157 458 3218 eius
474 3158 585 3218 laetam
599 3171 661 3216 non
675 3155 742 3231 pari
763 3157 857 3216 modo
876 3156 1038 3231 probatum
1057 3163 1108 3224 est
1121 3159 1167 3221 ab

174 3241 327 3306 omnibus.
342 3241 483 3300 Nonnulli
494 3240 574 3304 enim
584 3240 700 3302 laesam
710 3239 750 3300 ab
765 3255 802 3300 ec
818 3241 959 3316 pietatem
971 3240 1119 3314 puniant
1134 3249 1168 3304 et

173 3324 291 3386 invidia
308 3324 433 3384 mudena
455 3323 575 3384 virtutis
594 3322 782 3386 obterebant.
822 3323 919 3386 Mater
943 3339 1019 3390 vu‘o
1041 3332 1113 3399 post
1131 3325 1169 3386 id

174 3406 288 3466 laetum
303 3422 406 3481 neque
420 3407 545 3468 domum
567 3407 606 3466 ad
628 3423 664 3468 se
678 3406 773 3466 lilium
787 3407 911 3470 admisit
925 3422 1025 3480 neque
1040 3408 1169 3484 aspexit

175 3489 250 3561 quin
270 3503 340 3548 eum
361 3489 545 3548 fratricidam
566 3483 756 3564 impiam‘que
776 3493 932 3553 detestans
955 3491 1174 3566 conpelleret.-
