<?xml version="1.0" encoding="UTF-8"?>
<!DOCTYPE html PUBLIC "-//W3C//DTD XHTML 1.0 Transitional//EN"
    "http://www.w3.org/TR/xhtml1/DTD/xhtml1-transitional.dtd">
<html xmlns="http://www.w3.org/1999/xhtml" xml:lang="en" lang="en">
 <head>
  <title>
</title>
<meta http-equiv="Content-Type" content="text/html;charset=utf-8" />
  <meta name='ocr-system' content='tesseract 3.04.00' />
  <meta name='ocr-capabilities' content='ocr_page ocr_carea ocr_par ocr_line ocrx_word'/>
</head>
<body>
  <div class='ocr_page' id='page_1' title='image "./liberdeexcellen00dietgoog_0093.png"; bbox 0 0 2556 3994; ppageno 0'>
   <div class='ocr_carea' id='block_1_1' title="bbox 204 218 978 333">
    <p class='ocr_par' dir='ltr' id='par_1_1' title="bbox 204 218 978 333">
     <span class='ocr_line' id='line_1_1' title="bbox 204 218 978 333; baseline -0.004 0"><span class='ocrx_word' id='word_1_1' title='bbox 204 267 249 333; x_wconf 81' lang='grc'><strong>80</strong></span> <span class='ocrx_word' id='word_1_2' title='bbox 423 267 502 328; x_wconf 84' lang='lat' dir='ltr'><strong>xxi.</strong></span> <span class='ocrx_word' id='word_1_3' title='bbox 530 265 588 329; x_wconf 81' lang='lat' dir='ltr'><strong>DE</strong></span> <span class='ocrx_word' id='word_1_4' title='bbox 608 265 826 328; x_wconf 78' lang='lat' dir='ltr'><strong>REGIBUS.</strong></span> <span class='ocrx_word' id='word_1_5' title='bbox 851 279 881 331; x_wconf 76' lang='lat'><strong>2.</strong></span> <span class='ocrx_word' id='word_1_6' title='bbox 902 272 929 330; x_wconf 73' lang='lat'><strong>3.</strong></span> <span class='ocrx_word' id='word_1_7' title='bbox 976 218 978 223; x_wconf 14' lang='grc' dir='ltr'><strong><em>Α</em></strong></span> 
     </span>
    </p>
   </div>
   <div class='ocr_carea' id='block_1_2' title="bbox 161 417 1272 3007">
    <p class='ocr_par' dir='ltr' id='par_1_2' title="bbox 204 417 1213 664">
     <span class='ocr_line' id='line_1_2' title="bbox 204 417 1213 500; baseline 0.002 -22"><span class='ocrx_word' id='word_1_8' title='bbox 204 423 365 479; x_wconf 87' lang='lat' dir='ltr'><strong>cesserunt</strong></span> <span class='ocrx_word' id='word_1_9' title='bbox 384 434 486 480; x_wconf 89' lang='lat' dir='ltr'><strong>rerum</strong></span> <span class='ocrx_word' id='word_1_10' title='bbox 505 423 662 494; x_wconf 79' lang='lat' dir='ltr'><strong>gestarum</strong></span> <span class='ocrx_word' id='word_1_11' title='bbox 683 418 796 492; x_wconf 80' lang='lat' dir='ltr'><strong>gloria:</strong></span> <span class='ocrx_word' id='word_1_12' title='bbox 828 417 1007 496; x_wconf 77' lang='lat' dir='ltr'><strong>Philippus,</strong></span> <span class='ocrx_word' id='word_1_13' title='bbox 1038 420 1213 500; x_wconf 81' lang='lat' dir='ltr'><strong>Amyntae</strong></span> 
     </span>
     <span class='ocr_line' id='line_1_3' title="bbox 204 501 1211 582; baseline 0.004 -20"><span class='ocrx_word' id='word_1_14' title='bbox 204 503 294 575; x_wconf 90' lang='lat' dir='ltr'><strong>iilius,</strong></span> <span class='ocrx_word' id='word_1_15' title='bbox 310 502 671 576; x_wconf 80' lang='lat' dir='ltr'><strong>elrllexanderllagnus.</strong></span> <span class='ocrx_word' id='word_1_16' title='bbox 692 501 809 562; x_wconf 83' lang='lat' dir='ltr'><strong>Horum</strong></span> <span class='ocrx_word' id='word_1_17' title='bbox 824 503 1070 582; x_wconf 80' lang='lat' dir='ltr'><strong>alterBabylone</strong></span> <span class='ocrx_word' id='word_1_18' title='bbox 1084 507 1211 566; x_wconf 83' lang='lat' dir='ltr'><strong>morbo</strong></span> 
     </span>
     <span class='ocr_line' id='line_1_4' title="bbox 205 585 1210 664; baseline 0.005 -19"><span class='ocrx_word' id='word_1_19' title='bbox 205 593 408 661; x_wconf 84' lang='lat' dir='ltr'><strong>consumptus</strong></span> <span class='ocrx_word' id='word_1_20' title='bbox 423 593 478 646; x_wconf 87' lang='lat' dir='ltr'><strong>cst.</strong></span> <span class='ocrx_word' id='word_1_21' title='bbox 502 585 663 660; x_wconf 84' lang='lat' dir='ltr'><strong>Philippus</strong></span> <span class='ocrx_word' id='word_1_22' title='bbox 670 586 766 660; x_wconf 83' lang='lat' dir='ltr'><strong>Aegis</strong></span> <span class='ocrx_word' id='word_1_23' title='bbox 782 585 969 662; x_wconf 81' lang='lat' dir='ltr'><strong>aPausania,</strong></span> <span class='ocrx_word' id='word_1_24' title='bbox 986 601 1056 648; x_wconf 84' lang='lat' dir='ltr'><strong>euru</strong></span> <span class='ocrx_word' id='word_1_25' title='bbox 1072 595 1210 664; x_wconf 82' lang='lat' dir='ltr'><strong>speeta-</strong></span> 
     </span>
    </p>

    <p class='ocr_par' dir='ltr' id='par_1_3' title="bbox 173 669 1272 1413">
     <span class='ocr_line' id='line_1_5' title="bbox 173 669 1272 754; baseline 0.001 -19"><span class='ocrx_word' id='word_1_26' title='bbox 173 676 267 735; x_wconf 72' lang='lat' dir='ltr'><strong>etun</strong></span> <span class='ocrx_word' id='word_1_27' title='bbox 281 671 372 730; x_wconf 91' lang='lat' dir='ltr'><strong>ludos</strong></span> <span class='ocrx_word' id='word_1_28' title='bbox 392 670 465 742; x_wconf 88' lang='lat' dir='ltr'><strong>iret,</strong></span> <span class='ocrx_word' id='word_1_29' title='bbox 488 669 572 728; x_wconf 87' lang='lat' dir='ltr'><strong>iuxta</strong></span> <span class='ocrx_word' id='word_1_30' title='bbox 584 669 736 728; x_wconf 85' lang='lat' dir='ltr'><strong>theatrum</strong></span> <span class='ocrx_word' id='word_1_31' title='bbox 750 670 946 730; x_wconf 86' lang='lat' dir='ltr'><strong>ooeisusest.</strong></span> <span class='ocrx_word' id='word_1_32' title='bbox 981 671 1071 732; x_wconf 88' lang='lat' dir='ltr'><strong>Unus</strong></span> <span class='ocrx_word' id='word_1_33' title='bbox 1084 671 1211 754; x_wconf 81' lang='lat' dir='ltr'><strong>Epiro-</strong></span> <span class='ocrx_word' id='word_1_34' title='bbox 1254 675 1272 736; x_wconf 78' lang='lat' dir='ltr'><strong>&#39;t</strong></span> 
     </span>
     <span class='ocr_line' id='line_1_6' title="bbox 205 751 1209 831; baseline 0.004 -19"><span class='ocrx_word' id='word_1_35' title='bbox 205 759 266 826; x_wconf 88' lang='lat' dir='ltr'><strong>tes,</strong></span> <span class='ocrx_word' id='word_1_36' title='bbox 287 751 439 831; x_wconf 74' lang='lat' dir='ltr'><strong>Pyrrhus,</strong></span> <span class='ocrx_word' id='word_1_37' title='bbox 463 753 515 827; x_wconf 88' lang='lat' dir='ltr'><strong>qui</strong></span> <span class='ocrx_word' id='word_1_38' title='bbox 537 767 606 812; x_wconf 90' lang='lat' dir='ltr'><strong>oum</strong></span> <span class='ocrx_word' id='word_1_39' title='bbox 623 754 740 828; x_wconf 85' lang='lat' dir='ltr'><strong>poptdo</strong></span> <span class='ocrx_word' id='word_1_40' title='bbox 754 753 896 814; x_wconf 78' lang='lat' dir='ltr'><strong>Romano</strong></span> <span class='ocrx_word' id='word_1_41' title='bbox 908 754 1042 815; x_wconf 76' lang='lat' dir='ltr'><strong>bellavit.</strong></span> <span class='ocrx_word' id='word_1_42' title='bbox 1076 755 1209 816; x_wconf 83' lang='lat' dir='ltr'><strong>Iseum</strong></span> 
     </span>
     <span class='ocr_line' id='line_1_7' title="bbox 203 835 1272 913; baseline 0.007 -19"><span class='ocrx_word' id='word_1_43' title='bbox 203 840 306 911; x_wconf 79' lang='lat' dir='ltr'><strong>Argos</strong></span> <span class='ocrx_word' id='word_1_44' title='bbox 322 835 471 910; x_wconf 89' lang='lat' dir='ltr'><strong>oppidum</strong></span> <span class='ocrx_word' id='word_1_45' title='bbox 486 843 682 910; x_wconf 79' lang='lat' dir='ltr'>oppugnaret</span> <span class='ocrx_word' id='word_1_46' title='bbox 695 837 725 894; x_wconf 91' lang='lat' dir='ltr'><strong>in</strong></span> <span class='ocrx_word' id='word_1_47' title='bbox 740 836 974 910; x_wconf 75' lang='lat' dir='ltr'><strong>Peloponneso,</strong></span> <span class='ocrx_word' id='word_1_48' title='bbox 995 837 1099 913; x_wconf 84' lang='lat' dir='ltr'><strong>lapide</strong></span> <span class='ocrx_word' id='word_1_49' title='bbox 1115 840 1207 900; x_wconf 82' lang='lat' dir='ltr'><strong>tetus</strong></span> <span class='ocrx_word' id='word_1_50' title='bbox 1271 847 1272 902; x_wconf 62' lang='grc' dir='ltr'>ζ</span> 
     </span>
     <span class='ocr_line' id='line_1_8' title="bbox 202 917 1208 997; baseline 0.006 -19"><span class='ocrx_word' id='word_1_51' title='bbox 202 919 322 980; x_wconf 88' lang='lat' dir='ltr'><strong>interiit.</strong></span> <span class='ocrx_word' id='word_1_52' title='bbox 343 921 430 981; x_wconf 89' lang='lat' dir='ltr'><strong>Unus</strong></span> <span class='ocrx_word' id='word_1_53' title='bbox 442 919 513 979; x_wconf 89' lang='lat' dir='ltr'><strong>item</strong></span> <span class='ocrx_word' id='word_1_54' title='bbox 528 917 650 980; x_wconf 88' lang='lat' dir='ltr'><strong>Siculus</strong></span> <span class='ocrx_word' id='word_1_55' title='bbox 665 921 835 997; x_wconf 74' lang='lat' dir='ltr'><strong>Dionysius</strong></span> <span class='ocrx_word' id='word_1_56' title='bbox 846 921 941 994; x_wconf 83' lang='lat' dir='ltr'><strong>prior.</strong></span> <span class='ocrx_word' id='word_1_57' title='bbox 973 921 1048 982; x_wconf 84' lang='lat' dir='ltr'><strong>itam</strong></span> <span class='ocrx_word' id='word_1_58' title='bbox 1060 929 1091 980; x_wconf 89' lang='lat' dir='ltr'><strong>et</strong></span> <span class='ocrx_word' id='word_1_59' title='bbox 1102 938 1208 984; x_wconf 84' lang='lat' dir='ltr'><strong>manu</strong></span> 
     </span>
     <span class='ocr_line' id='line_1_9' title="bbox 203 1001 1272 1082; baseline 0.003 -20"><span class='ocrx_word' id='word_1_60' title='bbox 203 1004 290 1064; x_wconf 84' lang='lat' dir='ltr'><strong>tortis</strong></span> <span class='ocrx_word' id='word_1_61' title='bbox 305 1009 336 1064; x_wconf 85' lang='lat' dir='ltr'><strong>et</strong></span> <span class='ocrx_word' id='word_1_62' title='bbox 351 1003 423 1064; x_wconf 88' lang='lat' dir='ltr'><strong>belli</strong></span> <span class='ocrx_word' id='word_1_63' title='bbox 438 1003 555 1078; x_wconf 87' lang='lat' dir='ltr'><strong>peritus</strong></span> <span class='ocrx_word' id='word_1_64' title='bbox 570 1003 626 1064; x_wconf 89' lang='lat' dir='ltr'><strong>luit</strong></span> <span class='ocrx_word' id='word_1_65' title='bbox 640 1010 670 1062; x_wconf 92' lang='lat' dir='ltr'><strong>et</strong></span> <span class='ocrx_word' id='word_1_66' title='bbox 684 1004 716 1064; x_wconf 91' lang='lat' dir='ltr'><strong>id</strong></span> <span class='ocrx_word' id='word_1_67' title='bbox 732 1005 817 1080; x_wconf 91' lang='lat' dir='ltr'><strong>quod</strong></span> <span class='ocrx_word' id='word_1_68' title='bbox 831 1005 862 1062; x_wconf 91' lang='lat' dir='ltr'><strong>in</strong></span> <span class='ocrx_word' id='word_1_69' title='bbox 876 1011 1011 1082; x_wconf 73' lang='lat' dir='ltr'><strong>tyranno</strong></span> <span class='ocrx_word' id='word_1_70' title='bbox 1024 1021 1087 1065; x_wconf 93' lang='lat' dir='ltr'><strong>non</strong></span> <span class='ocrx_word' id='word_1_71' title='bbox 1103 1007 1209 1068; x_wconf 88' lang='lat' dir='ltr'><strong>ioeile</strong></span> <span class='ocrx_word' id='word_1_72' title='bbox 1271 1001 1272 1006; x_wconf 73' lang='grc'>’</span> 
     </span>
     <span class='ocr_line' id='line_1_10' title="bbox 202 1086 1272 1164; baseline 0.004 -17"><span class='ocrx_word' id='word_1_73' title='bbox 202 1087 354 1164; x_wconf 90' lang='lat' dir='ltr'><strong>reperitur</strong></span> <span class='ocrx_word' id='word_1_74' title='bbox 364 1086 487 1146; x_wconf 85' lang='lat' dir='ltr'><strong>utinime</strong></span> <span class='ocrx_word' id='word_1_75' title='bbox 501 1087 694 1158; x_wconf 87' lang='lat' dir='ltr'><strong>libidinosus,</strong></span> <span class='ocrx_word' id='word_1_76' title='bbox 710 1103 772 1148; x_wconf 89' lang='lat' dir='ltr'><strong>oon</strong></span> <span class='ocrx_word' id='word_1_77' title='bbox 784 1088 974 1164; x_wconf 89' lang='lat' dir='ltr'><strong>luxuriosus,</strong></span> <span class='ocrx_word' id='word_1_78' title='bbox 990 1105 1051 1150; x_wconf 95' lang='lat' dir='ltr'><strong>non</strong></span> <span class='ocrx_word' id='word_1_79' title='bbox 1068 1103 1204 1162; x_wconf 86' lang='lat' dir='ltr'><strong>avarus,</strong></span> <span class='ocrx_word' id='word_1_80' title='bbox 1271 1101 1272 1128; x_wconf 64' lang='lat'>¹</span> 
     </span>
     <span class='ocr_line' id='line_1_11' title="bbox 203 1169 1204 1248; baseline 0.004 -18"><span class='ocrx_word' id='word_1_81' title='bbox 203 1170 315 1231; x_wconf 91' lang='lat' dir='ltr'><strong>nullius</strong></span> <span class='ocrx_word' id='word_1_82' title='bbox 332 1169 465 1244; x_wconf 87' lang='lat' dir='ltr'><strong>denique</strong></span> <span class='ocrx_word' id='word_1_83' title='bbox 481 1169 527 1228; x_wconf 89' lang='lat' dir='ltr'><strong>rei</strong></span> <span class='ocrx_word' id='word_1_84' title='bbox 542 1171 690 1245; x_wconf 88' lang='lat' dir='ltr'><strong>cupidus,</strong></span> <span class='ocrx_word' id='word_1_85' title='bbox 721 1172 780 1230; x_wconf 91' lang='lat' dir='ltr'><strong>nisi</strong></span> <span class='ocrx_word' id='word_1_86' title='bbox 802 1170 966 1246; x_wconf 84' lang='lat' dir='ltr'><strong>singularis</strong></span> <span class='ocrx_word' id='word_1_87' title='bbox 988 1173 1204 1248; x_wconf 78' lang='lat' dir='ltr'><strong>perpetuique</strong></span> 
     </span>
     <span class='ocr_line' id='line_1_12' title="bbox 203 1252 1204 1328; baseline 0.005 -16"><span class='ocrx_word' id='word_1_88' title='bbox 203 1252 338 1328; x_wconf 87' lang='lat' dir='ltr'><strong>imperii,</strong></span> <span class='ocrx_word' id='word_1_89' title='bbox 360 1253 401 1314; x_wconf 90' lang='lat' dir='ltr'><strong>ob</strong></span> <span class='ocrx_word' id='word_1_90' title='bbox 422 1267 554 1328; x_wconf 85' lang='lat' dir='ltr'><strong>eamque</strong></span> <span class='ocrx_word' id='word_1_91' title='bbox 571 1269 637 1312; x_wconf 89' lang='lat' dir='ltr'><strong>rem</strong></span> <span class='ocrx_word' id='word_1_92' title='bbox 659 1255 803 1314; x_wconf 90' lang='lat' dir='ltr'><strong>erudelis.</strong></span> <span class='ocrx_word' id='word_1_93' title='bbox 838 1255 915 1314; x_wconf 92' lang='lat' dir='ltr'><strong>Nam</strong></span> <span class='ocrx_word' id='word_1_94' title='bbox 936 1256 1009 1315; x_wconf 93' lang='lat' dir='ltr'><strong>dum</strong></span> <span class='ocrx_word' id='word_1_95' title='bbox 1029 1256 1059 1316; x_wconf 92' lang='lat' dir='ltr'><strong>id</strong></span> <span class='ocrx_word' id='word_1_96' title='bbox 1075 1257 1204 1318; x_wconf 89' lang='lat' dir='ltr'><strong>studuit</strong></span> 
     </span>
     <span class='ocr_line' id='line_1_13' title="bbox 203 1336 1202 1413; baseline 0.004 -17"><span class='ocrx_word' id='word_1_97' title='bbox 203 1337 335 1410; x_wconf 90' lang='lat' dir='ltr'><strong>munire,</strong></span> <span class='ocrx_word' id='word_1_98' title='bbox 363 1336 476 1396; x_wconf 90' lang='lat' dir='ltr'><strong>nullius</strong></span> <span class='ocrx_word' id='word_1_99' title='bbox 497 1338 637 1411; x_wconf 83' lang='lat' dir='ltr'><strong>pepercit</strong></span> <span class='ocrx_word' id='word_1_100' title='bbox 655 1338 751 1411; x_wconf 89' lang='lat' dir='ltr'><strong>vitae,</strong></span> <span class='ocrx_word' id='word_1_101' title='bbox 781 1353 872 1413; x_wconf 85' lang='lat' dir='ltr'><strong>quem</strong></span> <span class='ocrx_word' id='word_1_102' title='bbox 892 1339 960 1398; x_wconf 90' lang='lat' dir='ltr'><strong>eius</strong></span> <span class='ocrx_word' id='word_1_103' title='bbox 980 1339 1202 1400; x_wconf 84' lang='lat' dir='ltr'><strong>insidiatorem</strong></span> 
     </span>
    </p>

    <p class='ocr_par' dir='ltr' id='par_1_4' title="bbox 171 1420 1200 1833">
     <span class='ocr_line' id='line_1_14' title="bbox 171 1420 1200 1500; baseline 0.001 -18"><span class='ocrx_word' id='word_1_104' title='bbox 171 1433 192 1489; x_wconf 79' lang='lat' dir='ltr'><strong>e</strong></span> <span class='ocrx_word' id='word_1_105' title='bbox 201 1427 332 1497; x_wconf 88' lang='lat' dir='ltr'><strong>putaret.</strong></span> <span class='ocrx_word' id='word_1_106' title='bbox 360 1420 418 1480; x_wconf 88' lang='lat' dir='ltr'><strong>llio</strong></span> <span class='ocrx_word' id='word_1_107' title='bbox 434 1435 504 1480; x_wconf 88' lang='lat' dir='ltr'><strong>oum</strong></span> <span class='ocrx_word' id='word_1_108' title='bbox 518 1421 628 1481; x_wconf 86' lang='lat' dir='ltr'><strong>virtute</strong></span> <span class='ocrx_word' id='word_1_109' title='bbox 641 1422 836 1498; x_wconf 73' lang='lat' dir='ltr'><strong>tyrannidem</strong></span> <span class='ocrx_word' id='word_1_110' title='bbox 852 1422 912 1484; x_wconf 85' lang='lat' dir='ltr'><strong>sibi</strong></span> <span class='ocrx_word' id='word_1_111' title='bbox 926 1423 1110 1500; x_wconf 75' lang='lat' dir='ltr'><strong>peperisset</strong></span> <span class='ocrx_word' id='word_1_112' title='bbox 1129 1441 1200 1483; x_wconf 88' lang='lat' dir='ltr'><strong>ma-</strong></span> 
     </span>
     <span class='ocr_line' id='line_1_15' title="bbox 202 1503 1199 1580; baseline 0.005 -17"><span class='ocrx_word' id='word_1_113' title='bbox 202 1521 264 1580; x_wconf 85' lang='lat' dir='ltr'><strong>gna</strong></span> <span class='ocrx_word' id='word_1_114' title='bbox 277 1504 402 1564; x_wconf 87' lang='lat' dir='ltr'><strong>retinuit</strong></span> <span class='ocrx_word' id='word_1_115' title='bbox 415 1503 571 1564; x_wconf 77' lang='lat' dir='ltr'><strong>felicitate·</strong></span> <span class='ocrx_word' id='word_1_116' title='bbox 595 1503 695 1565; x_wconf 85' lang='lat' dir='ltr'><strong>Maior</strong></span> <span class='ocrx_word' id='word_1_117' title='bbox 709 1505 789 1564; x_wconf 86' lang='lat' dir='ltr'><strong>enirn</strong></span> <span class='ocrx_word' id='word_1_118' title='bbox 811 1521 910 1566; x_wconf 91' lang='lat' dir='ltr'><strong>annos</strong></span> <span class='ocrx_word' id='word_1_119' title='bbox 924 1506 1087 1580; x_wconf 80' lang='lat' dir='ltr'><strong>sexaginta</strong></span> <span class='ocrx_word' id='word_1_120' title='bbox 1100 1515 1199 1568; x_wconf 87' lang='lat' dir='ltr'><strong>natus</strong></span> 
     </span>
     <span class='ocr_line' id='line_1_16' title="bbox 203 1585 1198 1664; baseline 0.004 -16"><span class='ocrx_word' id='word_1_121' title='bbox 203 1587 341 1649; x_wconf 83' lang='lat' dir='ltr'><strong>decessit</strong></span> <span class='ocrx_word' id='word_1_122' title='bbox 360 1585 491 1647; x_wconf 78' lang='lat' dir='ltr'><strong>florente</strong></span> <span class='ocrx_word' id='word_1_123' title='bbox 511 1603 608 1662; x_wconf 83' lang='lat' dir='ltr'><strong>regno</strong></span> <span class='ocrx_word' id='word_1_124' title='bbox 624 1603 726 1664; x_wconf 89' lang='lat' dir='ltr'><strong>neque</strong></span> <span class='ocrx_word' id='word_1_125' title='bbox 742 1590 771 1647; x_wconf 91' lang='lat' dir='ltr'><strong>in</strong></span> <span class='ocrx_word' id='word_1_126' title='bbox 785 1597 847 1648; x_wconf 87' lang='lat' dir='ltr'><strong>tam</strong></span> <span class='ocrx_word' id='word_1_127' title='bbox 860 1590 962 1650; x_wconf 88' lang='lat' dir='ltr'><strong>multis</strong></span> <span class='ocrx_word' id='word_1_128' title='bbox 984 1591 1071 1650; x_wconf 89' lang='lat' dir='ltr'><strong>annis</strong></span> <span class='ocrx_word' id='word_1_129' title='bbox 1088 1592 1198 1652; x_wconf 89' lang='lat' dir='ltr'><strong>ouius-</strong></span> 
     </span>
     <span class='ocr_line' id='line_1_17' title="bbox 204 1665 1198 1748; baseline 0.003 -16"><span class='ocrx_word' id='word_1_130' title='bbox 204 1687 294 1748; x_wconf 88' lang='lat' dir='ltr'><strong>quum</strong></span> <span class='ocrx_word' id='word_1_131' title='bbox 314 1688 355 1733; x_wconf 83' lang='lat' dir='ltr'><strong>ex</strong></span> <span class='ocrx_word' id='word_1_132' title='bbox 376 1687 434 1731; x_wconf 93' lang='lat' dir='ltr'><strong>sua</strong></span> <span class='ocrx_word' id='word_1_133' title='bbox 454 1665 551 1746; x_wconf 83' lang='lat' dir='ltr'><strong>stirpe</strong></span> <span class='ocrx_word' id='word_1_134' title='bbox 570 1673 663 1732; x_wconf 87' lang='lat' dir='ltr'><strong>iunus</strong></span> <span class='ocrx_word' id='word_1_135' title='bbox 676 1673 767 1747; x_wconf 70' lang='lat' dir='ltr'><strong>sidit,</strong></span> <span class='ocrx_word' id='word_1_136' title='bbox 786 1688 860 1732; x_wconf 83' lang='lat' dir='ltr'><strong>eum</strong></span> <span class='ocrx_word' id='word_1_137' title='bbox 875 1687 915 1732; x_wconf 84' lang='lat' dir='ltr'><strong>ex</strong></span> <span class='ocrx_word' id='word_1_138' title='bbox 930 1674 1025 1734; x_wconf 78' lang='lat' dir='ltr'><strong>tribus</strong></span> <span class='ocrx_word' id='word_1_139' title='bbox 1040 1675 1198 1736; x_wconf 82' lang='lat' dir='ltr'><strong>uxoribus</strong></span> 
     </span>
     <span class='ocr_line' id='line_1_18' title="bbox 203 1757 1086 1833; baseline 0.001 -17"><span class='ocrx_word' id='word_1_140' title='bbox 203 1757 317 1816; x_wconf 89' lang='lat' dir='ltr'><strong>liberos</strong></span> <span class='ocrx_word' id='word_1_141' title='bbox 332 1763 531 1831; x_wconf 78' lang='lat' dir='ltr'><strong>procreasset</strong></span> <span class='ocrx_word' id='word_1_142' title='bbox 545 1758 693 1832; x_wconf 85' lang='lat' dir='ltr'><strong>multique</strong></span> <span class='ocrx_word' id='word_1_143' title='bbox 705 1757 733 1816; x_wconf 90' lang='lat' dir='ltr'><strong>ei</strong></span> <span class='ocrx_word' id='word_1_144' title='bbox 750 1757 811 1818; x_wconf 88' lang='lat' dir='ltr'><strong>nati</strong></span> <span class='ocrx_word' id='word_1_145' title='bbox 826 1764 933 1818; x_wconf 87' lang='lat' dir='ltr'><strong>essent</strong></span> <span class='ocrx_word' id='word_1_146' title='bbox 946 1765 1086 1833; x_wconf 84' lang='lat' dir='ltr'><strong>nepotes.</strong></span> 
     </span>
    </p>

    <p class='ocr_par' dir='ltr' id='par_1_5' title="bbox 161 1838 1196 2088">
     <span class='ocr_line' id='line_1_19' title="bbox 161 1838 1196 1916; baseline 0.008 -20"><span class='ocrx_word' id='word_1_147' title='bbox 161 1838 200 1897; x_wconf 92' lang='lat' dir='ltr'><strong>lll</strong></span> <span class='ocrx_word' id='word_1_148' title='bbox 284 1839 419 1901; x_wconf 84' lang='lat' dir='ltr'><strong>Fuerunt</strong></span> <span class='ocrx_word' id='word_1_149' title='bbox 438 1845 600 1916; x_wconf 77' lang='lat' dir='ltr'><strong>praeterea</strong></span> <span class='ocrx_word' id='word_1_150' title='bbox 619 1841 721 1916; x_wconf 81' lang='lat' dir='ltr'><strong>magni</strong></span> <span class='ocrx_word' id='word_1_151' title='bbox 736 1855 826 1916; x_wconf 81' lang='lat' dir='ltr'><strong>reges</strong></span> <span class='ocrx_word' id='word_1_152' title='bbox 842 1855 882 1900; x_wconf 86' lang='lat' dir='ltr'><strong>ex</strong></span> <span class='ocrx_word' id='word_1_153' title='bbox 902 1841 1009 1902; x_wconf 85' lang='lat' dir='ltr'><strong>amieis</strong></span> <span class='ocrx_word' id='word_1_154' title='bbox 1018 1843 1196 1904; x_wconf 86' lang='lat' dir='ltr'><strong>Alexandri</strong></span> 
     </span>
     <span class='ocr_line' id='line_1_20' title="bbox 201 1923 1196 2001; baseline 0.005 -19"><span class='ocrx_word' id='word_1_155' title='bbox 201 1923 313 1998; x_wconf 80' lang='lat' dir='ltr'><strong>Magni,</strong></span> <span class='ocrx_word' id='word_1_156' title='bbox 335 1925 386 1998; x_wconf 89' lang='lat' dir='ltr'><strong>qui</strong></span> <span class='ocrx_word' id='word_1_157' title='bbox 401 1931 474 1999; x_wconf 89' lang='lat' dir='ltr'><strong>post</strong></span> <span class='ocrx_word' id='word_1_158' title='bbox 488 1925 604 1984; x_wconf 88' lang='lat' dir='ltr'><strong>obitum</strong></span> <span class='ocrx_word' id='word_1_159' title='bbox 618 1925 686 1984; x_wconf 90' lang='lat' dir='ltr'><strong>eius</strong></span> <span class='ocrx_word' id='word_1_160' title='bbox 701 1926 829 2000; x_wconf 86' lang='lat' dir='ltr'><strong>imperia</strong></span> <span class='ocrx_word' id='word_1_161' title='bbox 843 1933 1001 2001; x_wconf 78' lang='lat' dir='ltr'><strong>ceperunt,</strong></span> <span class='ocrx_word' id='word_1_162' title='bbox 1019 1927 1051 1985; x_wconf 92' lang='lat' dir='ltr'><strong>in</strong></span> <span class='ocrx_word' id='word_1_163' title='bbox 1065 1925 1114 1986; x_wconf 90' lang='lat' dir='ltr'><strong>his</strong></span> <span class='ocrx_word' id='word_1_164' title='bbox 1126 1930 1196 1987; x_wconf 86' lang='lat' dir='ltr'><strong>Au-</strong></span> 
     </span>
     <span class='ocr_line' id='line_1_21' title="bbox 201 2007 1195 2088; baseline 0.005 -22"><span class='ocrx_word' id='word_1_165' title='bbox 201 2007 324 2080; x_wconf 80' lang='lat' dir='ltr'><strong>tigonus</strong></span> <span class='ocrx_word' id='word_1_166' title='bbox 339 2014 370 2066; x_wconf 92' lang='lat' dir='ltr'><strong>el</strong></span> <span class='ocrx_word' id='word_1_167' title='bbox 383 2007 475 2068; x_wconf 82' lang='lat' dir='ltr'><strong>liuius</strong></span> <span class='ocrx_word' id='word_1_168' title='bbox 493 2007 574 2068; x_wconf 85' lang='lat' dir='ltr'><strong>fitius</strong></span> <span class='ocrx_word' id='word_1_169' title='bbox 586 2008 767 2083; x_wconf 85' lang='lat' dir='ltr'><strong>Demetrius,</strong></span> <span class='ocrx_word' id='word_1_170' title='bbox 790 2008 1004 2088; x_wconf 79' lang='lat' dir='ltr'><strong>Lysimachus,</strong></span> <span class='ocrx_word' id='word_1_171' title='bbox 1029 2007 1195 2086; x_wconf 85' lang='lat' dir='ltr'><strong>Seleucus,</strong></span> 
     </span>
    </p>

    <p class='ocr_par' dir='ltr' id='par_1_6' title="bbox 172 2089 1195 2336">
     <span class='ocr_line' id='line_1_22' title="bbox 172 2089 1195 2168; baseline 0.002 -16"><span class='ocrx_word' id='word_1_172' title='bbox 172 2089 405 2152; x_wconf 73' lang='lat' dir='ltr'><strong>eptolenaeus.</strong></span> <span class='ocrx_word' id='word_1_173' title='bbox 434 2090 482 2149; x_wconf 83' lang='lat' dir='ltr'><strong>Ex</strong></span> <span class='ocrx_word' id='word_1_174' title='bbox 496 2089 545 2152; x_wconf 86' lang='lat' dir='ltr'><strong>ltis</strong></span> <span class='ocrx_word' id='word_1_175' title='bbox 559 2090 735 2166; x_wconf 80' lang='lat' dir='ltr'><strong>Antigonus</strong></span> <span class='ocrx_word' id='word_1_176' title='bbox 750 2093 780 2152; x_wconf 91' lang='lat' dir='ltr'><strong>in</strong></span> <span class='ocrx_word' id='word_1_177' title='bbox 795 2093 929 2168; x_wconf 88' lang='lat' dir='ltr'><strong>proelio,</strong></span> <span class='ocrx_word' id='word_1_178' title='bbox 952 2109 1022 2154; x_wconf 91' lang='lat' dir='ltr'><strong>oum</strong></span> <span class='ocrx_word' id='word_1_179' title='bbox 1038 2095 1195 2154; x_wconf 83' lang='lat' dir='ltr'><strong>adversus</strong></span> 
     </span>
     <span class='ocr_line' id='line_1_23' title="bbox 203 2173 1193 2256; baseline 0.003 -21"><span class='ocrx_word' id='word_1_180' title='bbox 203 2173 365 2235; x_wconf 82' lang='lat' dir='ltr'><strong>Seleucum</strong></span> <span class='ocrx_word' id='word_1_181' title='bbox 386 2179 417 2234; x_wconf 88' lang='lat' dir='ltr'><strong>et</strong></span> <span class='ocrx_word' id='word_1_182' title='bbox 429 2173 647 2254; x_wconf 78' lang='lat' dir='ltr'><strong>Lysimachum</strong></span> <span class='ocrx_word' id='word_1_183' title='bbox 667 2177 838 2256; x_wconf 72' lang='lat' dir='ltr'><strong>deiceret,</strong></span> <span class='ocrx_word' id='word_1_184' title='bbox 873 2177 996 2236; x_wconf 86' lang='lat' dir='ltr'><strong>occisus</strong></span> <span class='ocrx_word' id='word_1_185' title='bbox 1018 2185 1074 2237; x_wconf 82' lang='lat' dir='ltr'><strong>est</strong></span> <span class='ocrx_word' id='word_1_186' title='bbox 1120 2177 1193 2238; x_wconf 82' lang='lat' dir='ltr'><strong>Pari</strong></span> 
     </span>
     <span class='ocr_line' id='line_1_24' title="bbox 202 2257 1192 2336; baseline 0.004 -19"><span class='ocrx_word' id='word_1_187' title='bbox 202 2259 262 2318; x_wconf 88' lang='lat' dir='ltr'><strong>leto</strong></span> <span class='ocrx_word' id='word_1_188' title='bbox 278 2257 408 2320; x_wconf 83' lang='lat' dir='ltr'><strong>allectus</strong></span> <span class='ocrx_word' id='word_1_189' title='bbox 423 2267 472 2320; x_wconf 91' lang='lat' dir='ltr'><strong>est</strong></span> <span class='ocrx_word' id='word_1_190' title='bbox 485 2258 690 2336; x_wconf 84' lang='lat' dir='ltr'><strong>Lysimachus</strong></span> <span class='ocrx_word' id='word_1_191' title='bbox 711 2260 750 2320; x_wconf 87' lang='lat' dir='ltr'><strong>ab</strong></span> <span class='ocrx_word' id='word_1_192' title='bbox 766 2259 907 2322; x_wconf 87' lang='lat' dir='ltr'><strong>Seleuco.</strong></span> <span class='ocrx_word' id='word_1_193' title='bbox 936 2261 1076 2335; x_wconf 86' lang='lat' dir='ltr'><strong>Namque</strong></span> <span class='ocrx_word' id='word_1_194' title='bbox 1090 2263 1192 2322; x_wconf 89' lang='lat' dir='ltr'><strong>socie-</strong></span> 
     </span>
    </p>

    <p class='ocr_par' dir='ltr' id='par_1_7' title="bbox 171 2341 1225 3007">
     <span class='ocr_line' id='line_1_25' title="bbox 171 2341 1193 2420; baseline 0.003 -18"><span class='ocrx_word' id='word_1_195' title='bbox 171 2348 261 2402; x_wconf 77' lang='lat' dir='ltr'><strong>etnte</strong></span> <span class='ocrx_word' id='word_1_196' title='bbox 281 2341 433 2405; x_wconf 88' lang='lat' dir='ltr'><strong>dissoluto</strong></span> <span class='ocrx_word' id='word_1_197' title='bbox 455 2343 569 2404; x_wconf 88' lang='lat' dir='ltr'><strong>bellum</strong></span> <span class='ocrx_word' id='word_1_198' title='bbox 589 2344 669 2404; x_wconf 91' lang='lat' dir='ltr'><strong>inter</strong></span> <span class='ocrx_word' id='word_1_199' title='bbox 684 2359 720 2403; x_wconf 90' lang='lat' dir='ltr'><strong>se</strong></span> <span class='ocrx_word' id='word_1_200' title='bbox 734 2352 907 2418; x_wconf 79' lang='lat' dir='ltr'><strong>gesserunt.</strong></span> <span class='ocrx_word' id='word_1_201' title='bbox 953 2345 996 2404; x_wconf 82' lang='lat' dir='ltr'><strong>nt</strong></span> <span class='ocrx_word' id='word_1_202' title='bbox 1007 2345 1193 2420; x_wconf 80' lang='lat' dir='ltr'><strong>Demetrius,</strong></span> 
     </span>
     <span class='ocr_line' id='line_1_26' title="bbox 203 2425 1194 2510; baseline 0.004 -26"><span class='ocrx_word' id='word_1_203' title='bbox 203 2441 272 2484; x_wconf 88' lang='lat' dir='ltr'><strong>eum</strong></span> <span class='ocrx_word' id='word_1_204' title='bbox 287 2427 380 2490; x_wconf 88' lang='lat' dir='ltr'><strong>liliam</strong></span> <span class='ocrx_word' id='word_1_205' title='bbox 395 2443 484 2486; x_wconf 88' lang='lat' dir='ltr'><strong>suam</strong></span> <span class='ocrx_word' id='word_1_206' title='bbox 499 2425 630 2488; x_wconf 88' lang='lat' dir='ltr'><strong>Seleuco</strong></span> <span class='ocrx_word' id='word_1_207' title='bbox 652 2428 682 2486; x_wconf 95' lang='lat' dir='ltr'><strong>in</strong></span> <span class='ocrx_word' id='word_1_208' title='bbox 697 2427 920 2489; x_wconf 86' lang='lat' dir='ltr'><strong>matrimonium</strong></span> <span class='ocrx_word' id='word_1_209' title='bbox 935 2429 1074 2510; x_wconf 81' lang='lat' dir='ltr'><strong>dedisset</strong></span> <span class='ocrx_word' id='word_1_210' title='bbox 1087 2443 1194 2504; x_wconf 86' lang='lat' dir='ltr'><strong>neque</strong></span> 
     </span>
     <span class='ocr_line' id='line_1_27' title="bbox 202 2509 1192 2587; baseline 0.005 -20"><span class='ocrx_word' id='word_1_211' title='bbox 202 2523 239 2568; x_wconf 90' lang='lat' dir='ltr'><strong>eo</strong></span> <span class='ocrx_word' id='word_1_212' title='bbox 255 2509 353 2586; x_wconf 77' lang='lat' dir='ltr'><strong>magis</strong></span> <span class='ocrx_word' id='word_1_213' title='bbox 368 2511 432 2570; x_wconf 86' lang='lat' dir='ltr'><strong>lida</strong></span> <span class='ocrx_word' id='word_1_214' title='bbox 445 2511 524 2569; x_wconf 88' lang='lat' dir='ltr'><strong>inter</strong></span> <span class='ocrx_word' id='word_1_215' title='bbox 539 2525 595 2571; x_wconf 89' lang='lat' dir='ltr'><strong>eos</strong></span> <span class='ocrx_word' id='word_1_216' title='bbox 611 2512 742 2572; x_wconf 87' lang='lat' dir='ltr'><strong>amicitia</strong></span> <span class='ocrx_word' id='word_1_217' title='bbox 755 2527 881 2572; x_wconf 87' lang='lat' dir='ltr'><strong>manere</strong></span> <span class='ocrx_word' id='word_1_218' title='bbox 895 2513 1055 2587; x_wconf 84' lang='lat' dir='ltr'><strong>potuisset,</strong></span> <span class='ocrx_word' id='word_1_219' title='bbox 1076 2521 1192 2586; x_wconf 87' lang='lat' dir='ltr'><strong>eaptus</strong></span> 
     </span>
     <span class='ocr_line' id='line_1_28' title="bbox 172 2591 1225 2671; baseline 0.006 -21"><span class='ocrx_word' id='word_1_220' title='bbox 172 2591 283 2653; x_wconf 73' lang='lat' dir='ltr'><strong>ebello</strong></span> <span class='ocrx_word' id='word_1_221' title='bbox 299 2593 330 2654; x_wconf 95' lang='lat' dir='ltr'><strong>in</strong></span> <span class='ocrx_word' id='word_1_222' title='bbox 346 2593 489 2655; x_wconf 87' lang='lat' dir='ltr'><strong>custodia</strong></span> <span class='ocrx_word' id='word_1_223' title='bbox 504 2609 597 2654; x_wconf 87' lang='lat' dir='ltr'><strong>socer</strong></span> <span class='ocrx_word' id='word_1_224' title='bbox 610 2597 716 2670; x_wconf 80' lang='lat' dir='ltr'><strong>generi</strong></span> <span class='ocrx_word' id='word_1_225' title='bbox 737 2597 828 2671; x_wconf 84' lang='lat' dir='ltr'><strong>periit</strong></span> <span class='ocrx_word' id='word_1_226' title='bbox 842 2613 861 2656; x_wconf 91' lang='lat' dir='ltr'><strong>a</strong></span> <span class='ocrx_word' id='word_1_227' title='bbox 873 2597 994 2658; x_wconf 88' lang='lat' dir='ltr'><strong>morbo.</strong></span> <span class='ocrx_word' id='word_1_228' title='bbox 1027 2597 1132 2670; x_wconf 82' lang='lat' dir='ltr'><strong>Neque</strong></span> <span class='ocrx_word' id='word_1_229' title='bbox 1147 2598 1193 2656; x_wconf 86' lang='lat' dir='ltr'><strong>ita</strong></span> <span class='ocrx_word' id='word_1_230' title='bbox 1217 2625 1225 2634; x_wconf 94' lang='lat'><strong>·</strong></span> 
     </span>
     <span class='ocr_line' id='line_1_29' title="bbox 201 2671 1191 2755; baseline 0.006 -19"><span class='ocrx_word' id='word_1_231' title='bbox 201 2679 295 2739; x_wconf 88' lang='lat' dir='ltr'><strong>multo</strong></span> <span class='ocrx_word' id='word_1_232' title='bbox 310 2685 383 2755; x_wconf 86' lang='lat' dir='ltr'><strong>post</strong></span> <span class='ocrx_word' id='word_1_233' title='bbox 391 2671 541 2739; x_wconf 77' lang='lat' dir='ltr'><strong>Seleucus</strong></span> <span class='ocrx_word' id='word_1_234' title='bbox 556 2679 756 2741; x_wconf 81' lang='lat' dir='ltr'><strong>aPtolemaeo</strong></span> <span class='ocrx_word' id='word_1_235' title='bbox 766 2681 905 2741; x_wconf 82' lang='lat' dir='ltr'><strong>Cerauno</strong></span> <span class='ocrx_word' id='word_1_236' title='bbox 921 2681 994 2741; x_wconf 93' lang='lat' dir='ltr'><strong>dolo</strong></span> <span class='ocrx_word' id='word_1_237' title='bbox 1009 2680 1191 2741; x_wconf 77' lang='lat' dir='ltr'><strong>interluetus</strong></span> 
     </span>
     <span class='ocr_line' id='line_1_30' title="bbox 202 2763 1190 2839; baseline 0.004 -19"><span class='ocrx_word' id='word_1_238' title='bbox 202 2769 264 2835; x_wconf 87' lang='lat' dir='ltr'><strong>est,</strong></span> <span class='ocrx_word' id='word_1_239' title='bbox 286 2779 377 2838; x_wconf 87' lang='lat' dir='ltr'><strong>quem</strong></span> <span class='ocrx_word' id='word_1_240' title='bbox 398 2763 449 2823; x_wconf 85' lang='lat' dir='ltr'><strong>ille</strong></span> <span class='ocrx_word' id='word_1_241' title='bbox 472 2777 491 2822; x_wconf 88' lang='lat' dir='ltr'><strong>a</strong></span> <span class='ocrx_word' id='word_1_242' title='bbox 510 2769 598 2838; x_wconf 83' lang='lat' dir='ltr'><strong>patre</strong></span> <span class='ocrx_word' id='word_1_243' title='bbox 619 2767 783 2839; x_wconf 88' lang='lat' dir='ltr'><strong>expulsum</strong></span> <span class='ocrx_word' id='word_1_244' title='bbox 803 2765 1000 2825; x_wconf 77' lang='lat' dir='ltr'><strong>Alexandrea</strong></span> <span class='ocrx_word' id='word_1_245' title='bbox 1021 2765 1190 2825; x_wconf 84' lang='lat' dir='ltr'><strong>alienarunt</strong></span> 
     </span>
     <span class='ocr_line' id='line_1_31' title="bbox 201 2847 1190 2923; baseline 0.002 -19"><span class='ocrx_word' id='word_1_246' title='bbox 201 2861 296 2919; x_wconf 91' lang='lat' dir='ltr'><strong>opum</strong></span> <span class='ocrx_word' id='word_1_247' title='bbox 309 2847 497 2922; x_wconf 84' lang='lat' dir='ltr'><strong>indigentem</strong></span> <span class='ocrx_word' id='word_1_248' title='bbox 510 2854 679 2923; x_wconf 84' lang='lat' dir='ltr'><strong>receperat.</strong></span> <span class='ocrx_word' id='word_1_249' title='bbox 701 2850 774 2922; x_wconf 88' lang='lat' dir='ltr'><strong>lpse</strong></span> <span class='ocrx_word' id='word_1_250' title='bbox 788 2855 889 2910; x_wconf 87' lang='lat' dir='ltr'><strong>autem</strong></span> <span class='ocrx_word' id='word_1_251' title='bbox 900 2847 1102 2919; x_wconf 86' lang='lat' dir='ltr'><strong>Ptolemaeus,</strong></span> <span class='ocrx_word' id='word_1_252' title='bbox 1120 2863 1190 2908; x_wconf 86' lang='lat' dir='ltr'><strong>cunr</strong></span> 
     </span>
     <span class='ocr_line' id='line_1_32' title="bbox 201 2929 1191 3007; baseline 0.004 -20"><span class='ocrx_word' id='word_1_253' title='bbox 201 2929 291 2989; x_wconf 89' lang='lat' dir='ltr'><strong>vivus</strong></span> <span class='ocrx_word' id='word_1_254' title='bbox 305 2930 368 2990; x_wconf 85' lang='lat' dir='ltr'><strong>illio</strong></span> <span class='ocrx_word' id='word_1_255' title='bbox 383 2947 512 3006; x_wconf 78' lang='lat' dir='ltr'><strong>regnunt</strong></span> <span class='ocrx_word' id='word_1_256' title='bbox 527 2932 714 3006; x_wconf 84' lang='lat' dir='ltr'><strong>tradidisset,</strong></span> <span class='ocrx_word' id='word_1_257' title='bbox 729 2933 768 2992; x_wconf 86' lang='lat' dir='ltr'><strong>ab</strong></span> <span class='ocrx_word' id='word_1_258' title='bbox 783 2932 835 2993; x_wconf 94' lang='lat' dir='ltr'><strong>illo</strong></span> <span class='ocrx_word' id='word_1_259' title='bbox 851 2933 961 2994; x_wconf 89' lang='lat' dir='ltr'><strong>eodem</strong></span> <span class='ocrx_word' id='word_1_260' title='bbox 973 2931 1037 2992; x_wconf 85' lang='lat' dir='ltr'><strong>vito</strong></span> <span class='ocrx_word' id='word_1_261' title='bbox 1051 2933 1191 3007; x_wconf 86' lang='lat' dir='ltr'><strong>privatus</strong></span> 
     </span>
    </p>
   </div>
   <div class='ocr_carea' id='block_1_3' title="bbox 60 2994 1263 3091">
    <p class='ocr_par' dir='ltr' id='par_1_8' title="bbox 60 2994 1263 3091">
     <span class='ocr_line' id='line_1_33' title="bbox 60 2994 1263 3091; baseline -0.003 -13"><span class='ocrx_word' id='word_1_262' title='bbox 60 2994 63 2999; x_wconf 31' lang='lat'>¹</span> <span class='ocrx_word' id='word_1_263' title='bbox 172 3009 321 3077; x_wconf 77' lang='lat' dir='ltr'><strong>edicitur.</strong></span> <span class='ocrx_word' id='word_1_264' title='bbox 350 3013 395 3073; x_wconf 83' lang='lat' dir='ltr'><strong>De</strong></span> <span class='ocrx_word' id='word_1_265' title='bbox 416 3015 527 3089; x_wconf 88' lang='lat' dir='ltr'><strong>quibus</strong></span> <span class='ocrx_word' id='word_1_266' title='bbox 544 3016 689 3089; x_wconf 84' lang='lat' dir='ltr'><strong>quoniam</strong></span> <span class='ocrx_word' id='word_1_267' title='bbox 710 3016 786 3076; x_wconf 88' lang='lat' dir='ltr'><strong>satis</strong></span> <span class='ocrx_word' id='word_1_268' title='bbox 809 3014 922 3078; x_wconf 87' lang='lat' dir='ltr'><strong>dictum</strong></span> <span class='ocrx_word' id='word_1_269' title='bbox 944 3021 1103 3091; x_wconf 86' lang='lat' dir='ltr'><strong>putamus,</strong></span> <span class='ocrx_word' id='word_1_270' title='bbox 1126 3031 1188 3076; x_wconf 94' lang='lat' dir='ltr'><strong>non</strong></span> <span class='ocrx_word' id='word_1_271' title='bbox 1250 3009 1263 3032; x_wconf 83' lang='grc'><strong>“</strong></span> 
     </span>
    </p>
   </div>
   <div class='ocr_carea' id='block_1_4' title="bbox 200 3096 1267 3340">
    <p class='ocr_par' dir='ltr' id='par_1_9' title="bbox 200 3096 1267 3340">
     <span class='ocr_line' id='line_1_34' title="bbox 201 3096 1189 3174; baseline 0.003 -19"><span class='ocrx_word' id='word_1_272' title='bbox 201 3096 429 3160; x_wconf 87' lang='lat' dir='ltr'><strong>incommodum</strong></span> <span class='ocrx_word' id='word_1_273' title='bbox 443 3097 565 3158; x_wconf 85' lang='lat' dir='ltr'><strong>videtur</strong></span> <span class='ocrx_word' id='word_1_274' title='bbox 579 3115 641 3160; x_wconf 94' lang='lat' dir='ltr'><strong>non</strong></span> <span class='ocrx_word' id='word_1_275' title='bbox 662 3101 831 3174; x_wconf 88' lang='lat' dir='ltr'><strong>praeterire</strong></span> <span class='ocrx_word' id='word_1_276' title='bbox 846 3101 1049 3160; x_wconf 81' lang='lat' dir='ltr'><strong>Hamilcarem</strong></span> <span class='ocrx_word' id='word_1_277' title='bbox 1063 3105 1093 3160; x_wconf 90' lang='lat' dir='ltr'><strong>et</strong></span> <span class='ocrx_word' id='word_1_278' title='bbox 1107 3100 1189 3159; x_wconf 86' lang='lat' dir='ltr'><strong>llan-</strong></span> 
     </span>
     <span class='ocr_line' id='line_1_35' title="bbox 200 3181 1267 3258; baseline 0.006 -20"><span class='ocrx_word' id='word_1_279' title='bbox 200 3181 347 3256; x_wconf 78' lang='lat' dir='ltr'><strong>moelem,</strong></span> <span class='ocrx_word' id='word_1_280' title='bbox 373 3197 453 3258; x_wconf 88' lang='lat' dir='ltr'><strong>quos</strong></span> <span class='ocrx_word' id='word_1_281' title='bbox 474 3189 504 3242; x_wconf 88' lang='lat' dir='ltr'><strong>et</strong></span> <span class='ocrx_word' id='word_1_282' title='bbox 524 3183 616 3242; x_wconf 89' lang='lat' dir='ltr'><strong>animi</strong></span> <span class='ocrx_word' id='word_1_283' title='bbox 636 3184 844 3258; x_wconf 77' lang='lat' dir='ltr'><strong>magnitudine</strong></span> <span class='ocrx_word' id='word_1_284' title='bbox 859 3191 890 3245; x_wconf 89' lang='lat' dir='ltr'><strong>et</strong></span> <span class='ocrx_word' id='word_1_285' title='bbox 904 3181 1068 3244; x_wconf 84' lang='lat' dir='ltr'><strong>calliditate</strong></span> <span class='ocrx_word' id='word_1_286' title='bbox 1088 3183 1191 3244; x_wconf 69' lang='lat' dir='ltr'><strong>nunti</strong></span> <span class='ocrx_word' id='word_1_287' title='bbox 1264 3183 1267 3188; x_wconf 81' lang='grc'><strong>’</strong></span> 
     </span>
     <span class='ocr_line' id='line_1_36' title="bbox 200 3265 807 3340; baseline 0.005 -17"><span class='ocrx_word' id='word_1_288' title='bbox 200 3265 231 3324; x_wconf 94' lang='lat' dir='ltr'><strong>in</strong></span> <span class='ocrx_word' id='word_1_289' title='bbox 245 3265 351 3327; x_wconf 79' lang='lat' dir='ltr'><strong>Africa</strong></span> <span class='ocrx_word' id='word_1_290' title='bbox 365 3271 455 3327; x_wconf 87' lang='lat' dir='ltr'><strong>notos</strong></span> <span class='ocrx_word' id='word_1_291' title='bbox 469 3267 663 3340; x_wconf 88' lang='lat' dir='ltr'><strong>praestitisse</strong></span> <span class='ocrx_word' id='word_1_292' title='bbox 678 3273 807 3328; x_wconf 84' lang='lat' dir='ltr'><strong>constat.</strong></span> 
     </span>
    </p>
   </div>
   <div class='ocr_carea' id='block_1_5' title="bbox 571 3437 773 3452">
    <p class='ocr_par' dir='ltr' id='par_1_10' title="bbox 571 3437 773 3452">
     <span class='ocr_line' id='line_1_37' title="bbox 571 3437 773 3452; baseline 0.005 -2"><span class='ocrx_word' id='word_1_293' title='bbox 571 3437 773 3452; x_wconf 49' lang='lat' dir='ltr'><strong>munta-..annue</strong></span> 
     </span>
    </p>
   </div>
   <div class='ocr_carea' id='block_1_6' title="bbox 0 0 1282 3994">
    <p class='ocr_par' dir='ltr' id='par_1_11' title="bbox 0 0 1282 3994">
     <span class='ocr_line' id='line_1_38' title="bbox 0 0 1282 3994; baseline 0 5"><span class='ocrx_word' id='word_1_294' title='bbox 0 0 1282 3994; x_wconf 95' lang='lat' dir='ltr'><strong> </strong></span> 
     </span>
    </p>
   </div>
  </div>
 </body>
</html>
