2556 3994
166 271 210 334 94
435 275 529 336 XXV.
551 275 761 338 urricus.
783 284 811 337 l.
826 283 853 337 5.
868 287 902 338 a.

169 427 289 502 reliqua
303 435 442 502 tempora
456 435 509 488 aut
523 428 629 489 litteris
643 437 697 490 aut
710 427 942 490 Atheniensium
958 431 1002 489 rei
1016 431 1162 512 publicae

168 511 330 584 tribueret,
356 510 449 573 nihilo
475 514 575 572 minus
601 514 707 574 amicis
733 513 851 574 urbana
872 513 976 572 cilicia
997 515 1161 589 praestitit.

139 595 243 654 tilam
265 602 296 654 et
315 595 354 654 ad
376 597 498 656 comitia
517 612 624 657 eorum
643 599 801 658 ventitavit
820 605 853 657 et
875 599 901 656 si
917 613 1045 672 quares
1060 600 1161 658 maior

97 673 109 684 “
170 687 239 739 acta
253 687 309 753 est,
326 695 386 738 non
402 681 507 740 deluit.
537 681 622 762 Sicut
636 683 776 742 Ciceroni
789 682 821 741 in
833 681 978 741 omnibus
993 683 1061 742 eius
1078 684 1160 757 peri-

170 763 246 823 culis
259 763 445 837 singularem
459 763 555 826 iidem
563 766 712 840 praebuit.
736 765 790 826 cui
801 781 840 825 ex
854 767 952 840 patria
966 766 1092 839 lugieuti
1106 766 1160 826 HS

138 847 302 907 educente
320 855 351 906 et
368 847 589 924 quinquaginta
607 850 691 908 milia
705 849 839 910 donavit.
872 849 1088 924 Tranquillatis
1101 865 1160 910 au·

170 937 228 989 tem
244 932 338 990 rebus
351 931 497 992 Romanis
511 933 688 1008 remigravit
697 934 834 1008 Romam,
851 941 884 992 ut
895 933 1014 1007 opinor,
1024 933 1057 992 L.
1071 934 1174 994 Cotta·

168 1023 199 1074 et
212 1016 245 1073 L.
261 1016 417 1091 Torquato
439 1016 628 1077 consulibus.
657 1017 753 1092 Quem
767 1017 847 1076 diem
863 1018 910 1076 sic
924 1017 1070 1076 universa
1083 1017 1160 1076 eivi-

167 1103 216 1158 tas
236 1098 469 1160 Atheniensium
491 1111 658 1176 prosecuta
677 1109 726 1161 est
744 1108 778 1161 ut
795 1101 927 1159 lacrimis
949 1101 1095 1160 desiderii
1111 1103 1159 1161 lu·

168 1183 226 1242 turi
242 1183 381 1244 dolorem
395 1183 554 1246 indicaret.
1129 1205 1140 1218 ·

124 1264 154 1320 V
251 1267 392 1327 Habebat
416 1270 600 1328 avunculum
625 1269 660 1342 Q.
684 1269 861 1340 Caecilium,
886 1267 1020 1342 equitem
1044 1268 1158 1328 Roma·

168 1365 256 1422 num,
280 1351 457 1410 familiarem
473 1353 504 1412 L.
520 1353 655 1427 Luculli,
678 1352 817 1426 diuitem,
839 1352 1018 1412 difficillima
1038 1357 1158 1412 natura.

168 1435 261 1495 Cuius
288 1436 333 1495 sic
359 1437 555 1510 asperitatem
580 1437 708 1496 veritus
722 1445 771 1496 est
795 1443 828 1495 ut
849 1451 941 1510 quem
962 1450 1052 1494 nemu
1076 1437 1159 1496 lerre

168 1527 277 1594 posset
297 1519 388 1579 huius
410 1521 478 1580 sine
498 1521 671 1582 offensione
686 1521 727 1580 ad
742 1535 890 1580 summam
906 1525 1093 1579 senectutem
1108 1536 1157 1580 re-

137 1601 289 1664 ttinuerit
309 1604 562 1665 benevolentiam.
598 1605 666 1678 Quo
688 1605 768 1664 iacto
789 1604 857 1663 tulit
876 1604 998 1678 pietatis
1014 1604 1158 1664 fructum.

169 1688 319 1748 Caecilius
341 1688 421 1747 enim
442 1687 579 1749 moriens
598 1695 781 1758 testamento
798 1687 957 1762 adoptavit
978 1702 1046 1746 eum
1068 1687 1156 1747 bere-

137 1772 300 1846 sdemquc
315 1773 386 1832 iecit
399 1789 439 1832 ex
454 1774 612 1834 dodrante.
642 1773 690 1831 Ex
706 1789 767 1846 qua
781 1772 949 1832 hereditate
963 1771 1084 1846 aceepit
1098 1771 1156 1831 cir-
1269 1797 1270 1812 ι

168 1855 243 1915 citer
260 1857 374 1916 centies
390 1860 574 1919 sestertium.
601 1857 675 1916 Erat
689 1863 784 1931 nupta
799 1872 889 1916 soror
902 1855 993 1916 Attici
1009 1853 1043 1928 Q.
1054 1855 1157 1916 Tullio

115 1995 123 2014 ,
168 1939 321 2013 ciceroni,
344 1955 462 2016 easque
477 1944 599 2018 nuptias
614 1941 653 2002 id.
671 1940 777 2000 Cicero
792 1939 984 2014 conciliarat,¹
1007 1955 1075 1998 eum
1092 1955 1156 2014 quo
1269 1957 1270 1966 ¹

167 2041 186 2083 a
201 2024 445 2098 condiscipulatu
456 2025 579 2085 vivebat
590 2025 848 2097 coniunctissime,
860 2024 954 2084 multo
965 2023 1056 2082 etiam
1068 2025 1156 2084 lami·

166 2109 271 2169 ilarius
295 2123 386 2185 quam
407 2123 477 2168 cum
492 2109 619 2184 Quinto,
639 2116 673 2168 ut
687 2109 815 2168 iudicari
832 2108 932 2183 possit
947 2108 1017 2182 plus
1032 2108 1063 2166 in
1080 2109 1155 2167 ami-

137 2193 237 2253 4citia
258 2195 361 2252 valere
379 2193 604 2254 similitudinem
617 2207 736 2253 morum
753 2209 845 2267 apuam
861 2193 1049 2252 affinitatem.
1082 2192 1154 2253 Ute-
1268 2211 1269 2220 ¹

167 2277 255 2338 batur
270 2286 370 2350 autem
385 2278 490 2338 intime
505 2278 538 2352 Q.
554 2275 718 2337 Hortensio
734 2277 786 2351 qui
801 2276 848 2335 bis
864 2275 1055 2349 temporibus
1072 2277 1155 2350 prin-

167 2363 299 2436 cipatum
322 2362 515 2438 eloquentiae
532 2361 669 2432 tenebat,
691 2368 725 2420 ut
738 2360 873 2435 intellegi
887 2375 950 2420 nan
965 2365 1074 2434 posset
1086 2367 1156 2420 uter

166 2461 235 2505 eum
251 2447 321 2520 plus
336 2444 490 2520 diligeret,
512 2445 617 2505 Cicero
634 2461 677 2504 an
686 2444 883 2518 Hortensiae,
900 2451 931 2504 et
942 2444 974 2503 id
989 2443 1073 2518 aprrod
1088 2451 1157 2504 erat

166 2527 375 2589 difficillimum
398 2529 567 2604 alliciebat,
589 2537 623 2589 ut
643 2529 721 2589 inter
744 2543 822 2602 quos
838 2535 939 2586 tantae
953 2527 1051 2588 laudis
1067 2535 1154 2586 esset

166 2613 327 2674 aemulatio
353 2613 437 2674 nulla
458 2613 660 2676 intercederet
681 2611 860 2688 obtrectatio
883 2617 1027 2686 essetque
1047 2609 1153 2668 talium

164 2699 298 2759 virorum
314 2700 434 2774 copula.
520 2697 530 2714 ‘

124 2791 163 2850 vl
250 2783 282 2842 ln
303 2799 339 2842 re
353 2783 476 2858 publica
496 2783 537 2842 ita
551 2788 599 2842 est
613 2785 756 2840 versatus
771 2787 805 2838 ut
820 2795 943 2854 semper
969 2779 1153 2853 optimarum

165 2868 294 2944 partium
310 2874 341 2927 et
354 2876 437 2928 esset
452 2873 482 2926 et
495 2866 719 2926 existimaretur
732 2877 835 2938 neque
849 2871 949 2924 minen
966 2877 1001 2922 se
1012 2859 1154 2941 civilibus

165 2945 309 3014 ‘iluctibus
334 2951 548 3032 committeret,
573 2949 657 3023 quod
680 2965 741 3009 non
764 2947 863 3022 magis
885 2961 940 3008 eos
962 2947 993 3006 in
1016 2961 1073 3005 sua
1097 2959 1153 3019 po·

164 3042 274 3095 testate
299 3033 490 3094 existimabat
511 3048 583 3094 esse
606 3031 658 3107 qui
679 3047 714 3093 se
735 3031 783 3091 bis
805 3032 964 3092 dedissent
985 3043 1078 3105 quam
1098 3029 1153 3103 qui

135 3117 322 3192 qmaritimis
344 3117 537 3198 jactarentur.
570 3117 712 3178 Honores
735 3130 795 3176 non
817 3115 916 3190 petiit,
939 3129 1008 3174 curu
1023 3111 1051 3172 ei
1066 3117 1152 3188 pate

164 3213 232 3264 rcnt
249 3209 374 3280 propter
388 3203 442 3260 vel·
453 3202 580 3276 gratiam
593 3201 643 3262 vel
650 3199 850 3276 dignitatem,
872 3199 957 3274 qnod
972 3211 1074 3272 neque
1090 3196 1153 3271 peti

165 3303 251 3348 more
270 3287 420 3346 maiorum
435 3300 536 3360 neque
551 3285 621 3361 capi
636 3290 767 3362 possent
780 3282 971 3344 conservatis
986 3279 1106 3356 legibus
1120 3280 1152 3339 in
1221 3295 1224 3306 ⁴

165 3379 227 3432 tam
249 3367 340 3430 eiiusi
363 3369 492 3429 ambitus
516 3367 725 3444 largitionibus
743 3381 846 3442 neque
867 3367 932 3442 geri
947 3381 964 3425 e
979 3379 1012 3424 re
1027 3361 1154 3438 publica

138 3455 233 3545 3sine
261 3453 399 3528 periculo
428 3454 581 3528 corruptis
611 3453 740 3513 civitatis
769 3451 916 3512 moribus.
955 3449 1004 3508 Ad
1033 3447 1155 3506 hastam

166 3537 320 3611 publicam
335 3551 500 3612 nrunquarn
515 3538 657 3596 accessit.
685 3535 802 3596 Nullius
817 3535 861 3596 rei
876 3547 978 3609 neque
993 3545 1084 3607 praes
1100 3545 1153 3589 ue-
