2556 3994
199 267 243 333 te
273 343 281 361 ⁸
461 273 541 336 xiv.
561 273 796 334 ouranos.
815 280 884 334 ac.

172 425 342 500 aquomvis
356 439 468 500 magno
483 425 629 486 exercitu.
650 425 716 484 Hac
730 423 849 484 delatos
865 422 896 482 in
911 419 1053 493 ciliciam,
1078 433 1191 494 egres-

202 523 258 570 sus
271 508 344 568 inde
355 507 422 568 dies
438 508 598 584 noctisque
611 508 668 568 iter
682 505 938 567 iaciensTatuum
950 503 1071 564 transiit
1083 517 1192 576 eoque

203 607 265 667 quo
280 592 438 652 studuerat
450 591 541 650 venit
578 590 701 664 Quaerit
716 589 827 664 quibus
840 589 918 648 locis
933 587 972 648 sit
985 586 1093 660 Aspis.
1130 585 1190 652 Co·

203 675 326 749 gnoscit
346 672 428 733 haud
443 675 534 748 longe
556 673 669 734 abesse
683 673 919 748 protectumque
939 686 1010 731 eum
1022 675 1189 730 *venatum

203 757 299 832 Quem
315 757 387 816 dum
401 757 592 831 speculatur,
614 757 764 816 adventus
780 755 847 818 eius
862 769 957 820 causa
977 752 1189 827 cognoscitur.

201 839 321 900 Pisidas
335 854 403 899 eum
414 839 460 899 eis
473 855 552 914 quos
563 854 669 900 secum
679 837 811 898 habebat
824 837 864 906 ad
874 837 1081 897 resistendum
1087 836 1189 911 Aspis

173 927 368 996 scompurat.
396 921 432 982 ld
445 922 588 983 Datames
602 922 654 982 ubi
669 921 793 990 audivit,
817 937 902 980 mma
915 920 1020 993 sumit,
1042 933 1121 979 suos
1137 935 1189 978 se-

203 1006 256 1080 qui
270 1005 367 1080 iubet,
389 1005 464 1080 ipse,
473 1020 555 1079 equo
570 1005 721 1068 concitato
735 1004 776 1063 ad
789 1003 908 1064 hostem
924 1003 1054 1066 venitur.
1089 1001 1189 1076 Quem

202 1091 311 1164 procui
326 1088 421 1163 Aspis
443 1088 639 1162 conspiciens
660 1088 751 1148 adtse
771 1087 918 1148 terentem
932 1084 1123 1160 pertimescit
1142 1091 1187 1144 at-

204 1187 264 1247 que
280 1177 423 1231 aconatu
434 1170 599 1232 resistendi
613 1169 774 1230 deterritus
789 1184 861 1231 sese
875 1168 1000 1230 dedidit.
1028 1168 1188 1228 HuncDa-

201 1260 298 1314 tanrcs
314 1253 448 1313 vincttun
462 1254 502 1314 ad
514 1267 619 1328 regem
634 1253 809 1314 ducendum
822 1253 913 1312 tradit
926 1251 1101 1312 Mithridati.

170 1345 200 1404 v
284 1337 369 1397 Haec
394 1337 468 1395 dum
495 1343 659 1411 geruntur,
698 1336 907 1407 Artaxerxes,
938 1331 1189 1395 reminiscenda

204 1426 318 1495 quanto
333 1421 414 1479 betto
429 1419 576 1494 adquam
590 1434 717 1494 parvam
731 1433 797 1480 rem
812 1418 982 1493 principem
1002 1419 1116 1478 ducum
1131 1417 1187 1476 mi-

203 1505 305 1577 sisset,
327 1515 363 1562 se
377 1502 447 1576 ipsc
460 1503 656 1578 reprehendit
670 1503 851 1587 etnuntium
864 1501 904 1562 ad
919 1500 1087 1561 exercitum
1098 1501 1188 1560 Acen

203 1587 297 1660 misit,
321 1586 407 1660 quod
419 1586 555 1646 nondum
568 1586 714 1647 Datamen
730 1586 901 1680 proiectum
915 1583 1050 1661 putabat,
1072 1585 1126 1659 qui
1142 1583 1186 1642 di-

204 1676 287 1730 ceret
301 1684 340 1728 ne
355 1669 394 1729 ab
409 1669 546 1729 exercitu
560 1668 742 1729 discederet.
766 1669 833 1728 Hic
849 1668 1029 1764 priusquam
1043 1666 1187 1742 pervcni-

202 1760 250 1812 ret
263 1768 326 1828 quo
341 1758 407 1812 erat
421 1753 618 1828 proiectus,
610 1767 640 1812 m
656 1752 764 1813 itinere
779 1753 923 1812 convenit
936 1751 989 1826 qui
1002 1750 1114 1831 Aspim
1129 1751 1185 1810 dn·

173 1835 321 1898 scebant
357 1835 424 1908 Qua
437 1835 591 1896 celeritate
606 1850 675 1896 cum
689 1851 830 1910 magnam
844 1833 1088 1896 benevolentiam
1102 1834 1187 1907 regis

202 1918 346 1978 Datames
362 1925 546 1978 consecutus
561 1925 653 1993 esset,
674 1935 736 1982 non
750 1919 899 1980 minorem
912 1917 1056 1978 invidiam
1070 1917 1187 1977 ardico-
1222 1924 1225 1932 '

203 2017 271 2060 rum
284 2001 415 2075 excepit,
432 2001 518 2076 quod
529 2001 612 2064 ilium
625 2018 720 2062 unum
733 2003 830 2078 pluris
846 2018 938 2078 quam
952 2015 987 2064 se
1002 2001 1103 2062 omnis
1118 2001 1187 2062 ficri

203 2083 357 2144 videbant.
380 2083 446 2157 Quo
458 2083 539 2143 iacto
551 2085 651 2145 cuncti
665 2086 705 2146 ad
719 2101 789 2146 enm
804 2084 1037 2160 opprimendum
1054 2100 1189 2148 consen-

175 2175 317 2232 aserunt.
352 2166 436 2227 Haec
457 2165 646 2240 Pandantes,
675 2183 771 2242 gazae
793 2174 898 2230 custos
917 2168 1036 2244 regiae,
1065 2168 1186 2229 amicos
1236 2199 1241 2222 .

202 2251 334 2325 Datami,
356 2249 527 2326 perscripta
541 2251 570 2310 ei
583 2251 685 2322 mittit,
708 2251 738 2313 in
753 2252 868 2330 'quibus
883 2252 975 2314 docet
988 2266 1058 2312 etun
1072 2267 1186 2326 magno

200 2335 271 2395 iore
287 2333 439 2410 periculo,
469 2333 497 2394 si
511 2335 586 2409 quid
600 2335 650 2394 iiio
666 2334 834 2410 imperante
853 2335 977 2396 adversi
991 2334 1022 2393 in
1037 2337 1186 2414 Aegypto

153 2461 156 2466 -
175 2417 387 2486 caecidissem
415 2431 547 2490 iramque
562 2432 717 2478 comesse
732 2419 985 2480 consuetudinem
999 2418 1131 2492 regiam,
1153 2425 1189 2480 ιιι

205 2515 296 2560 cesus
319 2498 469 2560 adversos
491 2499 664 2560 hominibus
684 2501 831 2576 tribuant,
862 2501 1018 2563 secundos
1045 2504 1188 2564 fortunae

204 2597 295 2652 suac;
325 2598 388 2658 quo
403 2581 469 2642 fleri
483 2588 517 2642 ut
530 2583 618 2642 iaciic
638 2547 831 2661 impellantur
843 2587 884 2646 ad
898 2601 1004 2648 eorum
1017 2585 1187 2661 perniciem

154 2741 157 2747 Ι
205 2682 335 2741 quorum
347 2666 442 2727 ductu
455 2681 506 2726 res
523 2668 602 2726 maie
615 2677 722 2741 gestae
736 2669 926 2740 nuntientur;
947 2669 1032 2752 iilum
1046 2667 1106 2730 hoc
1121 2685 1187 2730 ma-

204 2751 269 2810 iore
284 2751 372 2810 iore
365 2765 395 2809 m
410 2749 595 2825 discrimine,
619 2753 703 2826 quod
718 2752 829 2828 quibus
843 2768 899 2812 rex
914 2747 1046 2812 maxime
1062 2749 1188 2814 obediat
1262 2751 1263 2762 ’

174 2843 262 2894 aeos
281 2832 394 2893 habeat
417 2832 654 2894 inimicissimos.
688 2836 810 2898 Talibus
835 2836 885 2904 ille
909 2836 1016 2896 titteris
1041 2835 1183 2910 cognitis,

204 2931 273 2976 cum
286 2915 346 2974 iam
360 2915 401 2976 od
415 2916 673 2982 exercitumAcen
686 2919 832 2993 venisset,
849 2921 933 2994 quod
947 2935 1009 2982 non
1024 2919 1187 2994 ignorabat

204 3013 242 3058 ca
261 3013 335 3058 vere
349 2998 479 3073 scripta,
503 3000 680 3067 desciscere
694 3017 712 3062 a
725 3017 799 3078 rege
814 3003 978 3064 constituit.
1012 3003 1121 3080 Neque
1140 3009 1184 3063 ta-

203 3095 275 3142 men
290 3081 454 3156 quicquarn
472 3080 547 3143 iecit
562 3084 646 3158 quod
661 3083 724 3146 tide
738 3102 796 3147 sua
810 3093 895 3147 esset
908 3086 1074 3162 indignum.
1109 3086 1186 3148 Nam

174 3165 401 3226 otiandrocien
415 3164 587 3240 Magnetem
601 3168 749 3230 exercitui
763 3169 919 3245 praefecit.
946 3171 1019 3246 Ipse
1035 3185 1104 3230 cnon
1119 3171 1185 3230 suis

203 3249 234 3308 in
250 3247 476 3324 Cappadociam
497 3248 628 3310 discedit
647 3251 902 3328 coniunctamque
922 3253 993 3314 huic
1012 3252 1184 3330 Paphlago-

202 3332 285 3390 niam
299 3337 439 3406 occupat,
454 3333 559 3392 celans
575 3349 637 3406 qua
651 3336 805 3398 voluntate
820 3338 926 3396 esset
917 3354 948 3397 m
961 3351 1074 3426 regem.
1102 3336 1184 3398 Clam

203 3428 274 3486 cunr
287 3413 496 3476 Ancharmmc
510 3414 583 3474 iacit
596 3417 765 3495 amicitiam,
780 3435 903 3484 manum
917 3411 1083 3496 comparat,
1098 3420 1184 3481 urbis

202 3496 336 3560 munitas
349 3498 414 3560 suis
429 3497 561 3560 tuendas
574 3501 676 3561 tradit.
