2534 4010
190 271 234 334 26
427 273 491 332 vlt.
511 271 811 334 acclamans.
834 283 861 336 b·
875 281 903 336 6.
918 281 946 340 7.

162 430 300 500 lcaptos
321 424 481 484 clementia
500 424 621 484 ruerant
639 425 698 486 usi.
731 425 776 486 lta
790 426 907 501 praeda
920 422 1023 486 onusti
1038 425 1180 500 locuple-

192 514 253 570 tato
268 508 405 568 exercitu
419 507 558 567 maximis
572 509 667 569 rebus
683 509 778 585 gestis
792 509 930 569 Athenas
944 515 1103 568 venerunt.

152 602 176 660 v
181 601 191 658 1
273 587 328 650 liis
343 605 411 650 cum
427 590 548 652 abnam
559 592 704 651 uniuersa
714 592 820 652 ciuitas
833 592 863 651 in
875 591 1033 652 Piraeeum
1046 593 1178 652 descen-

193 675 305 748 disset,
326 679 409 734 tanta
429 674 484 734 iuit
503 676 638 735 omnium
658 677 848 750 exspectatio
862 675 983 735 visendi
996 675 1177 748 Alcibiadis,

192 765 225 818 ut
237 759 276 817 ad
290 757 358 816 eius
373 758 524 817 triremem
538 759 650 833 vulgus
662 757 841 832 conflueret,
857 759 989 834 proinde
1000 775 1037 818 ac
1049 758 1076 818 si
1089 759 1178 818 solus

164 840 378 913 aadvenisset.
411 839 463 901 Sic
474 841 557 900 enim
574 843 689 916 populo
704 850 768 903 erat
782 857 967 918 persuasum
981 849 1013 902 et
1026 843 1178 902 adversas

193 923 1177 1000 superioresetpraesontessecundasresaccidisseeiusopera.

191 1009 300 1082 ltaque
313 1013 345 1066 et
358 1006 479 1067 Siciliae
497 1008 646 1068 amissum
660 1015 690 1068 et
703 1009 1016 1070 Lacedaemoniorum
1030 1008 1178 1069 uictorias

193 1094 302 1167 culpae
323 1106 398 1151 suae
419 1091 606 1165 tribuebant,
627 1093 711 1166 quod
732 1094 822 1152 talem
844 1093 940 1152 virum
954 1109 972 1151 e
987 1091 1110 1152 civitate
1124 1107 1179 1150 ex-

194 1175 354 1250 pulissent
376 1173 483 1248 Neque
496 1173 526 1232 id
543 1175 609 1234 sine
625 1190 721 1236 causa
734 1174 873 1236 arbitrari
888 1175 1079 1235 videbantur.
1104 1175 1179 1234 Nam

193 1267 358 1333 postquam
372 1256 520 1328 exercitui
535 1273 683 1333 praeesse
697 1265 851 1333 coeperat,
867 1273 968 1333 neque
981 1266 1063 1318 terra
1077 1273 1180 1332 nequo

164 1341 268 1410 amari
283 1340 388 1400 hostes
403 1354 495 1415 pares
511 1355 581 1401 esse
596 1348 767 1416 potuerant.
793 1341 850 1401 Hic
866 1351 932 1402 ute
945 1341 1016 1401 navi
1030 1356 1179 1416 egressus

194 1431 250 1498 est
266 1439 451 1499 quamquam
465 1423 668 1486 Tberamenes
683 1431 714 1486 et
726 1425 937 1504 Thrasybulus
952 1425 1070 1484 eisdem
1083 1425 1178 1484 rebus

193 1509 389 1584 praefuerant
402 1507 554 1581 simulque
570 1515 715 1568 uenerant
728 1509 758 1568 in
773 1508 947 1580 Piraeeum,
969 1515 1069 1568 tamen
1084 1523 1179 1568 tinum

194 1605 302 1651 ornnes
317 1591 400 1650 illurn
417 1591 692 1666 persequebantur,
709 1598 748 1662 et,
763 1592 795 1652 id
811 1593 896 1666 quod
907 1607 1073 1666 numquam
1089 1598 1180 1652 antea

194 1691 255 1736 usu
268 1681 394 1734 venerat
408 1673 467 1733 uisi
480 1673 640 1752 Olympiae
653 1675 833 1749 victoribus,
848 1675 972 1736 coronis
986 1673 1100 1734 laureis
1116 1681 1179 1734 tae-

194 1758 316 1834 niisque
329 1759 422 1832 vtdgo
438 1757 619 1817 donabatur.
635 1759 690 1818 lile
704 1760 877 1818 lacrumans
892 1761 982 1818 tatem
994 1757 1181 1818 benevolen-

193 1844 266 1902 tiam
281 1841 392 1902 ciyium
407 1855 532 1907 suorum
546 1841 723 1916 accipiebat,
736 1841 888 1902 reminisci
902 1839 1021 1916 pristini
1032 1841 1179 1916 temporis

166 1924 399 1992 tacerbitatem.
432 1924 597 1999 Postquam
619 1925 649 1984 in
671 1931 740 1985 astu
755 1926 850 2000 venit,
863 1925 1013 1988 concione
1028 1923 1182 1984 advocata

196 2008 242 2069 sic
261 2007 356 2067 verba
371 2007 456 2080 lecit,
477 2016 509 2068 ut
523 2021 612 2069 nemo
634 2016 694 2068 tam
708 2009 792 2068 ierus
808 2008 911 2083 fuerit,
932 2005 1087 2083 quincius
1103 2023 1181 2068 casu

195 2090 391 2152 illaerumarit
404 2089 621 2166 inimicumque
635 2091 672 2150 iis
688 2105 724 2150 se
738 2091 921 2166 ostenderit,
937 2107 1067 2167 quorum
1082 2105 1180 2166 opera

194 2177 293 2251 patria
308 2175 415 2248 pulsus
431 2175 543 2248 iuerat,
564 2174 693 2250 proinde
708 2189 745 2233 ac
759 2176 786 2234 si
799 2174 878 2235 alius
891 2191 933 2250 po
958 2176 1037 2248 ulus,
1052 2190 1114 2234 non
1129 2174 1181 2234 ille

167 2259 263 2334 sipse
279 2258 331 2333 qui
350 2263 412 2318 tum
427 2256 535 2333 flebat,
557 2273 626 2318 eum
641 2258 792 2332 sacrilegii
807 2257 926 2333 damna
937 2263 994 2318 set
1029 2257 1181 2317 Restituta

196 2357 270 2418 ergo
290 2341 361 2401 huic
382 2345 454 2402 sunt
473 2341 595 2416 publice
616 2343 713 2414 bona,
734 2341 898 2418 eidemque
917 2341 959 2402 illi
978 2339 1181 2416 Eumolpidae

196 2423 374 2486 sacerdotes
397 2439 504 2484 rursus
528 2439 687 2485 resacrare
706 2429 780 2484 sunt
793 2425 907 2498 coacti,
931 2424 983 2500 qui
999 2439 1070 2484 eum
1083 2424 1179 2484 dero·

196 2514 313 2580 verant,
329 2508 473 2582 pilaeque
487 2508 567 2579 illae,
582 2508 610 2567 in
627 2507 740 2583 quibus
755 2507 880 2568 deuotio
896 2509 995 2568 linerat
1009 2507 1133 2582 scripto,
1149 2506 1179 2566 in

191 2606 281 2662 ¹mare
297 2591 524 2666 praecipitatae.
671 2643 673 2648 .
1035 2647 1043 2656 ,

155 2676 211 2737 vll
294 2675 378 2738 liaeo
394 2673 544 2735 Alcibiadi
559 2673 672 2735 laetitia
686 2689 747 2736 non
760 2673 851 2734 nimis
867 2673 923 2734 luit
932 2673 1082 2734 diuturna.
1103 2671 1180 2732 Nam

197 2773 267 2820 cum
288 2760 317 2817 ei
333 2773 439 2819 omnes
455 2764 560 2819 essent
573 2757 707 2819 honores
722 2757 838 2819 decreti
851 2763 978 2832 totaque
991 2771 1043 2816 res
1058 2755 1181 2830 publica

197 2829 279 2904 doini
293 2841 427 2916 bellique
442 2841 564 2915 nauita,
587 2846 619 2902 ut
633 2841 722 2901 unius
745 2840 869 2901 arbitrio
883 2847 1050 2914 gereretur,
1066 2839 1180 2912 etipse

196 2925 387 3001 postulasset
400 2932 433 2985 ut
444 2925 509 2986 duo
523 2924 582 2985 sibi
598 2926 735 3000 collegae
749 2925 909 2996 darentur,
922 2923 1136 3000 Thrasybulus
1151 2928 1182 2982 et

196 3009 388 3082 Adimantus,
403 3021 503 3084 neque
517 3007 549 3068 id
564 3013 707 3084 negatum
721 3013 814 3082 esset,
828 3009 931 3068 classe
945 3006 975 3067 in
989 3006 1096 3067 Asiam
1108 3021 1180 3080 pro·
1259 3059 1260 3072 ,

196 3093 311 3164 lectus,
333 3092 417 3167 quod
432 3091 514 3167 apud
531 3091 644 3169 Cymen
660 3089 760 3151 minus
774 3105 814 3150 cx
830 3089 980 3150 sententia
993 3105 1059 3150 rem
1073 3103 1179 3164 gesse·

168 3181 252 3252 irat,
266 3176 297 3236 in
312 3173 458 3236 invidiam
470 3173 586 3234 recidit.
607 3173 685 3234 Nihil
699 3173 780 3234 enim
790 3188 859 3234 eum
873 3187 933 3234 non
945 3172 1070 3234 efficere
1084 3185 1182 3248 posse

198 3259 359 3320 ducebant
381 3257 427 3318 lix
442 3273 504 3333 quo
519 3255 626 3328 flebat,
648 3264 682 3318 ut
693 3256 797 3318 omnia
811 3257 911 3317 minus
927 3269 1079 3330 prospere
1093 3261 1182 3329 gesta
1258 3331 1259 3344 ἵ

197 3343 310 3418 erripae
322 3341 502 3414 tribuerent,
525 3355 594 3400 eum
609 3339 746 3402 anteum
760 3341 949 3416 negligenter
963 3346 1021 3398 aut
1030 3338 1181 3400 malitiose

198 3425 311 3485 iecisse
325 3425 539 3502 loquerentur;
560 3423 640 3484 sieut
654 3429 717 3484 turo
731 3423 852 3484 accidit.
880 3423 955 3482 Nam
970 3427 1148 3496 corruptum
1162 3435 1181 3480 a
1257 3427 1258 3430 ’

169 3513 271 3584 cresc
290 3522 403 3586 capere
418 3508 533 3589 Cymen
549 3507 686 3604 noluisse
700 3507 878 3581 arguebant.
912 3504 1019 3580 ltaque
1034 3505 1104 3566 huic
1118 3520 1180 3566 ma·
