2556 3994
223 277 235 300 ·
339 264 904 352 xmnmnnmnhururun.
1049 263 1091 328 aa

102 435 167 482 nou
181 419 336 494 uiderent,
358 420 474 495 puppis
488 425 646 480 verterunt
660 431 760 494 seque
775 416 814 501 sd
830 395 888 477 sua
903 423 1004 478 casua
1017 435 1091 481 nau·

103 504 165 566 tica
178 503 356 564 retuterunt.
379 503 430 564 Sic
437 503 588 563 Hannibal
600 498 730 564 consilio
745 500 1122 576 armaPergamenorumt
1144 516 1148 525 ‘

7 607 14 624 ”
104 586 264 664 superavit
284 603 386 662 neque
404 593 469 648 tum
489 588 591 648 solum
611 587 669 647 sed
690 600 786 660 saepe
807 585 882 645 alias
897 585 1092 676 pedestribus

30 676 39 682 '
103 672 205 747 copiis
219 670 287 746 pari
301 671 464 745 prudentia
477 670 596 746 pepulit
610 670 818 730 adversarios.

189 753 276 828 Quae
298 755 371 814 dum
390 756 422 813 in
436 755 513 816 Asia
532 762 687 829 geruntur,
711 753 823 813 accidit
842 759 965 814 casuut
978 755 1070 828 legati
1081 756 1135 818 ΧΠ

101 838 233 900 Prusiae
242 837 358 898 Romae
373 840 457 914 apud
470 840 503 898 L.
517 838 670 912 Quintium
683 836 884 898 Flamininum
899 840 1092 917 consularem
1191 841 1193 846 '

107 925 276 983 coenarent
293 930 387 997 atque
406 922 448 982 ibi
470 924 509 982 de
523 923 695 982 Hannibale
715 921 870 980 mentione
890 923 971 981 iacta
990 935 1030 982 ex
1045 923 1093 984 his

102 1023 184 1066 unus
206 1004 323 1086 diceret
342 1021 412 1067 eum
433 1006 463 1066 in
478 1005 606 1066 Prusiae
620 1021 715 1080 regno
733 1019 813 1064 esse
851 1004 887 1065 Id
901 1012 1028 1080 postero
1044 1007 1123 1070 diet

101 1088 291 1150 Flamininus
306 1089 427 1150 senatui
443 1090 559 1151 detulit.
588 1090 696 1150 Patres
712 1087 895 1163 conscripti,
916 1090 1092 1164 quiHanni-

104 1173 172 1233 bale
192 1172 263 1233 vivo
278 1188 445 1249 numquam
461 1191 496 1235 se
516 1175 585 1235 sino
599 1173 719 1234 insidiis
735 1174 854 1233 tuturos
875 1173 1092 1250 existimarent,

102 1257 222 1331 legatos
237 1256 268 1315 in
282 1257 456 1336 Bithyniam
471 1259 628 1332 miserunt,
651 1257 681 1316 in
696 1257 744 1316 his
751 1255 962 1333 Flamininum,
985 1259 1038 1333 qui
1054 1261 1092 1318 ab
1129 1257 1135 1266 “

101 1355 177 1415 rege
190 1345 331 1415 peterent
346 1358 385 1402 ne
398 1342 641 1403 inimicissimum
655 1357 747 1401 suum
762 1354 868 1401 secum
882 1341 1009 1401 haberet
1020 1343 1092 1402 sibi-

62 1467 65 1470 -
102 1439 164 1500 que
178 1423 315 1490 dederet.
345 1425 401 1485 His
417 1425 527 1487 Prusia
541 1439 656 1501 negare
671 1439 767 1485 ausus
783 1441 844 1485 non
861 1431 916 1485 est.
952 1426 1032 1485 Illud
1045 1439 1123 1493 res

102 1507 224 1568 cusavit
243 1521 282 1566 ne
303 1508 335 1568 id
356 1526 374 1569 u
395 1525 431 1570 se
451 1509 525 1570 fieri
543 1510 739 1585 postularent
759 1509 843 1585 quod
868 1510 1019 1570 adversus
1045 1511 1092 1571 ius

102 1591 229 1666 hospitii
241 1597 342 1662 essem
366 1593 436 1668 ipsi,
451 1595 478 1654 si
493 1600 633 1668 possent,
655 1593 976 1669 comprehenderentc
993 1595 1093 1656 locum

101 1676 153 1735 ubi
167 1681 261 1735 esset
281 1677 371 1736 facile
392 1678 580 1739 inventuros.
615 1671 767 1737 Hannibal
789 1677 869 1736 enim
890 1691 951 1736 uno
972 1678 1041 1736 loco
1054 1693 1093 1738 se

103 1759 225 1820 tenebat
244 1759 275 1817 in
297 1762 424 1821 castello
441 1763 525 1836 quod
540 1763 568 1822 ei
589 1777 695 1836 araga
710 1762 814 1821 datum
829 1767 894 1820 erat
914 1761 1032 1820 muneri
1047 1761 1092 1820 id-

104 1858 163 1918 que
179 1843 225 1902 sic
240 1843 419 1906 aedificarat
433 1840 466 1906 ut
480 1846 510 1904 in
533 1845 675 1907 omnibus
692 1845 831 1920 portibus
846 1843 977 1904 aedificii
993 1845 1091 1906 exitus
1176 1905 1189 1938 a

101 1925 238 1999 haberet,
254 1927 374 1988 seilicet
388 1944 499 1990 verens
516 1944 556 1989 ne
570 1945 630 1990 usu
645 1929 762 1990 veniret
778 1927 862 2004 quod
877 1927 998 1988 accidit.
1025 1930 1122 1995 Huc4

103 2026 172 2070 curn
192 2011 285 2086 legati
300 2011 509 2073 Romanorum
528 2013 688 2074 venissent
710 2013 745 2073 ac
762 2011 953 2074 multitudine
968 2011 1092 2078 domum
1148 2079 1153 2088 ,

66 2091 70 2096 “
101 2095 167 2154 eius
191 2095 480 2170 circumdedissent,
503 2113 581 2173 puer
595 2098 633 2157 ab
652 2099 744 2157 ianua
769 2095 962 2172 prospiciens
977 2095 1092 2156 Hanni-

102 2176 163 2236 bali
174 2177 250 2237 dixit
262 2180 496 2255 pluris’praeter
511 2183 766 2242 consuetudinem
781 2177 915 2240 armatos
931 2195 1092 2254 apparere.

102 2260 336 2336 Quiimperuvit
347 2263 375 2322 ei
386 2271 420 2324 ut
431 2265 531 2324 omnis
546 2267 630 2326 iores
645 2263 777 2324 aedificii
789 2262 961 2323 circumiret
973 2277 1008 2322 ae
1020 2280 1092 2339 pro·
1118 2257 1121 2264 '

101 2359 177 2419 pere
192 2343 251 2405 sibi
262 2347 416 2408 nuntiaret
426 2362 498 2408 num
513 2347 624 2409 eodem
634 2348 728 2409 modo
741 2347 875 2426 undique
887 2347 1091 2409 obsideretur.
1176 2387 1177 2392 κ

100 2427 180 2488 Puer
195 2427 265 2488 edm
281 2431 421 2490 celeriter
435 2432 510 2507 quid
525 2438 611 2493 esset
624 2431 832 2492 renuntiasset
847 2432 1010 2506 omnisque
1028 2433 1123 2492 exi-5

101 2518 150 2572 tus
173 2520 343 2588 occupatos
365 2516 568 2590 ostendisset,
591 2517 689 2576 sensit
709 2517 740 2575 id
755 2532 817 2576 non
840 2515 964 2576 lortuito
980 2517 1093 2576 tactum

101 2597 159 2655 sed
183 2598 306 2671 sepeli
328 2614 430 2674 neque
452 2600 510 2660 sibi
536 2601 651 2661 diutius
676 2601 769 2660 vitam
794 2615 866 2660 esse
891 2599 1091 2664 retinendam.

100 2679 198 2754 Quam
219 2695 258 2740 ne
284 2681 384 2742 alieno
405 2683 531 2746 arbitrio
553 2685 731 2759 dimitteret,
758 2697 876 2743 memor
896 2681 1092 2756 pristinarum

99 2763 244 2824 vimulum
262 2781 415 2834 venenum
431 2768 516 2843 quod
531 2783 655 2844 semper
670 2783 776 2829 secum
791 2767 907 2826 habere
922 2779 1092 2828 consueve-

86 2853 188 2933 uerat
202 2851 343 2925 sumpsit.
386 2881 389 2886 ·

184 2930 235 2992 Sic
253 2933 300 2991 vir
321 2933 507 2994 fortissimus
523 2935 626 2994 multis
641 2933 799 3008 variisque
814 2933 993 3009 perfunctus
1008 2935 1052 2994 la·
1065 2933 1134 2994 Xlll
1200 2957 1203 2962 ·

100 3010 228 3075 boribus
243 3031 329 3078 anno
342 3017 497 3092 acquievit
511 3017 751 3092 septuagesimo.
777 3017 893 3090 Quibus
910 3018 1090 3078 oonsulibus

57 3116 64 3129 ·
99 3097 249 3159 interierit
262 3117 325 3162 non
341 3102 495 3162 convenit.
524 3095 665 3178 Namque
678 3101 799 3161 Atticus
814 3101 854 3161 Mt
872 3101 998 3162 Claudio
1011 3101 1091 3160 Mar-

102 3184 181 3243 cello
198 3181 336 3256 osculo
344 3185 492 3244 Labeone
505 3186 686 3246 consulibus
701 3191 854 3246 mortuum
868 3185 900 3245 in
916 3185 1018 3245 annali
1033 3201 1091 3246 suo

99 3266 248 3341 scriptum
263 3268 395 3343 reliquit,
412 3277 443 3329 ut
456 3268 606 3346 Polybius
619 3269 653 3328 L.
662 3270 792 3329 Aemilio
802 3269 897 3330 Paulo
907 3269 959 3329 Cn.
974 3269 1091 3330 Baebio

97 3349 268 3424 Tamphilo,
291 3351 447 3426 Sulpicius
462 3359 564 3412 autem
578 3353 679 3415 Btitho
693 3352 726 3411 P.
743 3352 884 3414 Cornelio
901 3351 1034 3426 Cethego
1049 3353 1090 3412 Μ.

100 3433 216 3494 Baebio
235 3436 405 3510 Tamphilo.
439 3438 546 3511 Atque
564 3435 615 3495 hio
634 3444 736 3498 tantus
759 3437 807 3497 vir
827 3437 982 3511 tantisque
1002 3437 1124 3504 belisa

98 3517 255 3578 districtus
271 3533 332 3579 non
348 3521 422 3581 nihil
431 3520 586 3596 temporis
601 3521 706 3581 tribuit
727 3520 843 3582 litteris.
878 3521 1017 3596 Namque
1038 3521 1090 3581 oli-
