2556 3994
210 233 252 302 ii
307 239 414 300 xviii.
429 239 622 300 humanus.
638 247 682 306 aa.
695 273 742 286 -=
752 236 830 302 lilii.
844 237 1024 302 Plioclort.
1037 253 1061 304 1.
1071 251 1098 304 a.

210 392 282 452 len's
297 392 452 468 principes
468 393 589 454 luerunt
602 393 791 468 Antigonus,
811 388 1017 468 Ptolemaeus,
1033 392 1199 469 Seleucus,

181 475 428 554 sLysimachus,
451 476 655 538 Cassandrus.
695 477 868 551 Antigonus
898 483 999 536 autem
1027 477 1200 538 Eumenem

209 569 359 622 mortuum
372 560 554 636 propinquis
567 560 634 620 eius
646 560 858 635 sepeliendum
869 561 1002 621 tradidit.
1025 561 1063 620 lli
1076 562 1200 621 militari

208 643 402 720 honestaque
424 645 530 704 lunare
552 645 716 704 comitante
742 647 806 704 toto
828 644 965 704 exercitu
992 644 1201 705 humaverunt

208 743 345 804 ossaque
360 729 426 788 eius
452 727 482 786 in
498 727 727 802 cappadociam
749 728 788 788 ad
810 734 936 787 matrem
958 735 1050 804 utque
1065 743 1199 789 uxorem

207 811 384 886 liberosque
400 811 465 871 eius
481 812 676 886 deportanda
690 820 841 872 curarunt.

567 990 613 998 ›-—-·
622 989 698 998 --.-..--
710 989 780 998 noo-—

450 1107 555 1204 XIX.
601 1105 914 1262 lliblilt.

178 1305 191 1364 l
205 1275 356 1387 Phocion,
367 1311 573 1386 Atheniensis
587 1312 644 1372 etsi
660 1309 756 1388 saepe
767 1312 950 1372 exercitibus
963 1311 1098 1387 praefuit
1112 1327 1198 1371 sum·

207 1411 336 1470 mosque
357 1395 551 1469 magistratus
573 1397 668 1471 cepit,
691 1403 791 1455 tamen
813 1397 905 1456 multo
921 1396 988 1456 eius
1003 1394 1105 1456 notior
1120 1396 1197 1454 inte·

205 1480 299 1554 gritos
310 1479 391 1538 vitae
404 1495 495 1554 quam
506 1479 550 1540 rei
561 1481 698 1540 militaris
711 1480 806 1538 labor.
826 1481 933 1553 ltaque
944 1479 1033 1539 huius
1046 1479 1198 1540 memoria

207 1569 254 1622 est
268 1563 359 1638 nulla,
375 1563 456 1622 iilius
469 1569 570 1625 autem
584 1579 696 1638 magna
711 1563 800 1638 lama,
809 1577 850 1622 ex
861 1581 923 1638 quo
937 1563 1122 1638 cognomine
1134 1563 1197 1622 Bo-

177 1657 262 1714 nnus
278 1653 325 1706 est
337 1647 518 1723 appellatus.
547 1647 614 1706 Fuit
628 1647 708 1706 enim
724 1653 872 1722 perpetuo
888 1662 1016 1721 pauper,
1032 1662 1100 1706 cum
1116 1647 1196 1706 divi-

204 1731 341 1792 tissimus
363 1745 434 1791 esse
456 1738 565 1805 posset
584 1737 711 1806 propter
732 1731 900 1805 frequentis
922 1731 1042 1790 delatos
1057 1730 1196 1790 honores

174 1829 193 1882 3
205 1820 436 1890 potestatesque
456 1831 592 1876 summus
615 1830 694 1888 quae
716 1815 745 1873 ei
765 1829 784 1872 a
805 1813 922 1890 populo
944 1813 1105 1874 dabantur.
1138 1815 1197 1873 llic

206 1913 278 1957 cum
290 1913 309 1958 a
323 1914 395 1973 rege
409 1897 550 1973 Phiiippo
566 1913 694 1958 munera
708 1913 837 1972 magnac
852 1898 1002 1973 pecuniae
1017 1897 1197 1973 repudiaret

204 1982 359 2056 legatique
381 1981 574 2041 hortarentur
596 1982 737 2058 accipere
759 1983 913 2057 simulque
933 1980 1143 2055 admonerent,
1167 1983 1196 2040 si
1271 2045 1272 2052 χ

182 2111 186 2118 .
204 2065 275 2139 ipse
289 2064 326 2124 iis
343 2065 433 2124 iacile
448 2072 574 2137 cureret
591 2065 695 2126 liberis
710 2071 811 2125 tamen
827 2066 893 2144 suis
908 2065 1108 2141 prospiceret,
1125 2065 1196 2140 qui·

204 2148 264 2209 bus
280 2148 406 2208 dliiiciie
420 2156 504 2209 esset
525 2151 555 2209 in
571 2165 690 2210 summa
710 2157 891 2225 paupertate
903 2155 1018 2212 tanum
1033 2156 1193 2224 paternam

173 2233 280 2294 stueri
295 2232 438 2308 gloriam,
454 2233 502 2292 his
514 2234 565 2294 ille
579 2233 615 2294 Si
623 2236 801 2294 natsimdes
811 2241 913 2304 munt,
935 2235 1015 2294 idem
1027 2235 1077 2294 hic
1094 2233 1195 2308 inquit

202 2321 319 2391 apellas
337 2321 404 2378 iilos
417 2315 479 2378 uici
489 2321 543 2393 qui
554 2333 600 2378 me
613 2319 658 2378 cd
669 2317 750 2378 hurtc
770 2319 944 2392 ripaticum
962 2317 1126 2392 perduxit:
1145 2321 1194 2377 sin

204 2402 360 2461 dissimiles
369 2401 554 2474 suntsuturi,
569 2405 636 2462 noio
646 2405 718 2462 mab
728 2404 868 2476 impensis
879 2405 998 2462 iliorum
1008 2403 1053 2460 aii
1064 2403 1190 2476 anami-

204 2486 435 2558 qucluxurium.
807 2529 814 2543 .
930 2520 937 2527 -

88 2563 91 2570 ’
177 2569 200 2627 ll
279 2566 365 2625 ldcm
387 2581 454 2627 cum
476 2581 576 2641 prope
600 2567 642 2626 ad
662 2583 775 2627 annum
797 2567 1019 2643 octogesimum
1038 2581 1195 2642 prospera

204 2651 399 2726 pervenisset
426 2651 563 2724 ionuna,
597 2651 742 2712 extremis
770 2652 961 2728 temporibus
989 2665 1133 2726 magnum
1161 2651 1193 2710 in

174 2735 309 2799 sodium
324 2735 463 2810 pervenit
478 2749 602 2795 suorum
617 2735 738 2810 civium,
761 2735 858 2811 primo
875 2736 959 2811 quod
975 2751 1043 2796 cum
1054 2733 1194 2796 Demade

205 2819 245 2877 dc
264 2817 341 2880 urbe
361 2819 511 2879 tradenda
524 2819 685 2894 Antipatro
702 2827 905 2880 consenserat
917 2820 1047 2893 eiusque
1060 2815 1192 2878 consilio

179 2901 427 2962 :Demosthenes
445 2919 515 2964 cum
537 2903 646 2974 ceteris
669 2904 722 2979 qui
742 2904 821 2964 bene
840 2903 880 2962 de
900 2902 1073 2979 republica
1092 2901 1193 2960 meriti

204 2985 455 3046 existimabantur
465 2987 651 3067 populiscitu
662 2987 692 3046 in
705 2987 829 3063 exilium
843 2985 1072 3062 erantexpulsi.
1085 2984 1194 3060 Neque

204 3067 235 3130 in
257 3083 295 3128 eo
316 3069 415 3130 solum
445 3068 617 3132 offenderat
638 3071 722 3146 quod
748 3071 866 3147 patriae
889 3071 969 3130 male
995 3070 1194 3130 consuluerat

175 3153 264 3217 ised
278 3153 368 3213 etiam
383 3155 467 3229 quod
482 3155 632 3216 amicitiae
647 3155 740 3215 fidem
755 3169 815 3214 non
829 3153 1032 3229 praestiterat.
1052 3153 1193 3226 Namque

204 3245 313 3299 auctus
324 3238 508 3312 adiutusque
520 3239 753 3298 allemosthene
764 3253 833 3299 oum
846 3251 938 3312 quent
947 3237 1072 3297 tenebat
1081 3250 1193 3296 ascen-

205 3320 455 3396 deturpandum,
477 3323 711 3383 cumadversus
726 3321 886 3382 Charetem
906 3336 977 3382 eum
998 3319 1193 3380 subornaret.

204 3404 253 3463 Ab
267 3400 422 3466 eodem'in
437 3405 569 3480 iudiciis,
590 3421 659 3466 cum
674 3405 783 3480 capitis
799 3419 925 3466 causam
940 3404 1064 3477 diceret,
1084 3403 1193 3463 delen·

205 3502 259 3546 sus
274 3489 457 3563 aliquotiens
473 3487 618 3556 liberatus
634 3489 831 3550 discesserat
864 3489 953 3548 Hunc
967 3503 1029 3547 non
1045 3485 1147 3548 soium
1161 3485 1193 3546 iu
