<?xml version="1.0" encoding="UTF-8"?>
<!DOCTYPE html PUBLIC "-//W3C//DTD XHTML 1.0 Transitional//EN"
    "http://www.w3.org/TR/xhtml1/DTD/xhtml1-transitional.dtd">
<html xmlns="http://www.w3.org/1999/xhtml" xml:lang="en" lang="en">
 <head>
  <title>
</title>
<meta http-equiv="Content-Type" content="text/html;charset=utf-8" />
  <meta name='ocr-system' content='tesseract 3.04.00' />
  <meta name='ocr-capabilities' content='ocr_page ocr_carea ocr_par ocr_line ocrx_word'/>
</head>
<body>
  <div class='ocr_page' id='page_1' title='image "./liberdeexcellen00dietgoog_0068.png"; bbox 0 0 2556 3994; ppageno 0'>
   <div class='ocr_carea' id='block_1_1' title="bbox 304 197 1158 266">
    <p class='ocr_par' dir='ltr' id='par_1_1' title="bbox 304 147 1158 266">
     <span class='ocr_line' id='line_1_1' title="bbox 304 197 1158 266; baseline -0.005 -2"><span class='ocrx_word' id='word_1_1' title='bbox 304 201 370 264; x_wconf 84' lang='lat' dir='ltr'>XV.</span> <span class='ocrx_word' id='word_1_2' title='bbox 389 198 743 264; x_wconf 77' lang='lat' dir='ltr'>EPAMINONDAS.</span> <span class='ocrx_word' id='word_1_3' title='bbox 765 208 791 264; x_wconf 99' lang='grc'><strong>4</strong></span> <span class='ocrx_word' id='word_1_4' title='bbox 805 213 833 266; x_wconf 81' lang='lat' dir='ltr'>t.</span> <span class='ocrx_word' id='word_1_5' title='bbox 847 211 874 266; x_wconf 83' lang='lat' dir='ltr'>a</span> <span class='ocrx_word' id='word_1_6' title='bbox 1041 197 1084 264; x_wconf 79' lang='lat'>55</span> <span class='ocrx_word' id='word_1_7' title='bbox 1150 232 1158 260; x_wconf 76' lang='lat' dir='ltr'>l</span> 
     </span>
    </p>
   </div>
   <div class='ocr_carea' id='block_1_2' title="bbox 37 351 1177 3520">
    <p class='ocr_par' dir='ltr' id='par_1_2' title="bbox 87 351 1095 515">
     <span class='ocr_line' id='line_1_2' title="bbox 87 351 1095 431; baseline -0.003 -16"><span class='ocrx_word' id='word_1_8' title='bbox 87 353 198 416; x_wconf 87' lang='lat' dir='ltr'>nmltis</span> <span class='ocrx_word' id='word_1_9' title='bbox 214 351 336 415; x_wconf 91' lang='lat' dir='ltr'>milibus</span> <span class='ocrx_word' id='word_1_10' title='bbox 351 369 495 414; x_wconf 79' lang='lat' dir='ltr'>uersuum</span> <span class='ocrx_word' id='word_1_11' title='bbox 508 354 682 430; x_wconf 73' lang='lat' dir='ltr'><strong>complures</strong></span> <span class='ocrx_word' id='word_1_12' title='bbox 698 352 867 431; x_wconf 79' lang='lat' dir='ltr'><strong>scriptores</strong></span> <span class='ocrx_word' id='word_1_13' title='bbox 880 357 950 414; x_wconf 85' lang='lat' dir='ltr'>ante</span> <span class='ocrx_word' id='word_1_14' title='bbox 961 367 1019 412; x_wconf 90' lang='lat' dir='ltr'>nos</span> <span class='ocrx_word' id='word_1_15' title='bbox 1031 369 1095 412; x_wconf 84' lang='lat' dir='ltr'>ex·-</span> 
     </span>
     <span class='ocr_line' id='line_1_3' title="bbox 89 440 259 515; baseline 0 -19"><span class='ocrx_word' id='word_1_16' title='bbox 89 440 259 515; x_wconf 70' lang='lat' dir='ltr'>plicarunt„</span> 
     </span>
    </p>

    <p class='ocr_par' dir='ltr' id='par_1_3' title="bbox 62 519 1145 2518">
     <span class='ocr_line' id='line_1_4' title="bbox 176 519 1125 595; baseline -0.003 -14"><span class='ocrx_word' id='word_1_17' title='bbox 176 521 245 581; x_wconf 87' lang='lat' dir='ltr'>Fuit</span> <span class='ocrx_word' id='word_1_18' title='bbox 267 520 357 581; x_wconf 87' lang='lat' dir='ltr'>etlam</span> <span class='ocrx_word' id='word_1_19' title='bbox 378 519 522 592; x_wconf 86' lang='lat' dir='ltr'>disertus,</span> <span class='ocrx_word' id='word_1_20' title='bbox 545 528 578 581; x_wconf 90' lang='lat' dir='ltr'>ut</span> <span class='ocrx_word' id='word_1_21' title='bbox 599 535 689 581; x_wconf 89' lang='lat' dir='ltr'>nemo</span> <span class='ocrx_word' id='word_1_22' title='bbox 706 520 734 580; x_wconf 91' lang='lat' dir='ltr'>ei</span> <span class='ocrx_word' id='word_1_23' title='bbox 748 519 911 580; x_wconf 83' lang='lat' dir='ltr'><strong>Thebanus</strong></span> <span class='ocrx_word' id='word_1_24' title='bbox 930 535 986 595; x_wconf 89' lang='lat' dir='ltr'>par</span> <span class='ocrx_word' id='word_1_25' title='bbox 1001 521 1125 579; x_wconf 86' lang='lat' dir='ltr'>essetv</span> 
     </span>
     <span class='ocr_line' id='line_1_5' title="bbox 91 603 1081 684; baseline -0.003 -19"><span class='ocrx_word' id='word_1_26' title='bbox 91 605 275 678; x_wconf 70' lang='lat' dir='ltr'>eloquentia</span> <span class='ocrx_word' id='word_1_27' title='bbox 295 619 396 679; x_wconf 90' lang='lat' dir='ltr'>neque</span> <span class='ocrx_word' id='word_1_28' title='bbox 418 603 519 684; x_wconf 86' lang='lat' dir='ltr'>minus</span> <span class='ocrx_word' id='word_1_29' title='bbox 540 605 709 665; x_wconf 88' lang='lat' dir='ltr'>concinnus</span> <span class='ocrx_word' id='word_1_30' title='bbox 731 605 762 664; x_wconf 95' lang='lat' dir='ltr'>in</span> <span class='ocrx_word' id='word_1_31' title='bbox 782 603 932 664; x_wconf 86' lang='lat' dir='ltr'>brevitate</span> <span class='ocrx_word' id='word_1_32' title='bbox 953 619 1081 678; x_wconf 89' lang='lat' dir='ltr'>respon·</span> 
     </span>
     <span class='ocr_line' id='line_1_6' title="bbox 90 684 1083 764; baseline -0.002 -16"><span class='ocrx_word' id='word_1_33' title='bbox 90 687 191 748; x_wconf 91' lang='lat' dir='ltr'>dendi</span> <span class='ocrx_word' id='word_1_34' title='bbox 221 703 313 764; x_wconf 90' lang='lat' dir='ltr'>quam</span> <span class='ocrx_word' id='word_1_35' title='bbox 340 687 371 746; x_wconf 93' lang='lat' dir='ltr'>in</span> <span class='ocrx_word' id='word_1_36' title='bbox 393 694 543 764; x_wconf 87' lang='lat' dir='ltr'>perpetua</span> <span class='ocrx_word' id='word_1_37' title='bbox 566 689 703 748; x_wconf 90' lang='lat' dir='ltr'>oratione</span> <span class='ocrx_word' id='word_1_38' title='bbox 726 694 860 747; x_wconf 86' lang='lat' dir='ltr'>ornatus.</span> <span class='ocrx_word' id='word_1_39' title='bbox 896 684 1009 747; x_wconf 80' lang='lat' dir='ltr'>Habuit</span> <span class='ocrx_word' id='word_1_40' title='bbox 1030 687 1083 746; x_wconf 89' lang='lat' dir='ltr'>oh-</span> 
     </span>
     <span class='ocr_line' id='line_1_7' title="bbox 90 770 1115 844; baseline -0.004 -12"><span class='ocrx_word' id='word_1_41' title='bbox 90 777 291 832; x_wconf 87' lang='lat' dir='ltr'>trectalorern</span> <span class='ocrx_word' id='word_1_42' title='bbox 311 770 511 832; x_wconf 86' lang='lat' dir='ltr'>Meneclidem</span> <span class='ocrx_word' id='word_1_43' title='bbox 535 773 688 844; x_wconf 89' lang='lat' dir='ltr'>quendam</span> <span class='ocrx_word' id='word_1_44' title='bbox 709 771 844 830; x_wconf 75' lang='lat' dir='ltr'>Indidem</span> <span class='ocrx_word' id='word_1_45' title='bbox 857 770 969 831; x_wconf 81' lang='lat' dir='ltr'>Thebis</span> <span class='ocrx_word' id='word_1_46' title='bbox 985 777 1016 830; x_wconf 92' lang='lat' dir='ltr'>et</span> <span class='ocrx_word' id='word_1_47' title='bbox 1030 771 1115 836; x_wconf 74' lang='lat' dir='ltr'>ada</span> 
     </span>
     <span class='ocr_line' id='line_1_8' title="bbox 90 854 1084 930; baseline -0.003 -15"><span class='ocrx_word' id='word_1_48' title='bbox 90 855 268 916; x_wconf 81' lang='lat' dir='ltr'>versarium</span> <span class='ocrx_word' id='word_1_49' title='bbox 288 854 318 915; x_wconf 87' lang='lat' dir='ltr'>ln</span> <span class='ocrx_word' id='word_1_50' title='bbox 339 855 580 916; x_wconf 87' lang='lat' dir='ltr'>administranda</span> <span class='ocrx_word' id='word_1_51' title='bbox 592 871 626 916; x_wconf 92' lang='lat' dir='ltr'>re</span> <span class='ocrx_word' id='word_1_52' title='bbox 641 854 773 930; x_wconf 80' lang='lat' dir='ltr'>publica,</span> <span class='ocrx_word' id='word_1_53' title='bbox 796 854 870 914; x_wconf 86' lang='lat' dir='ltr'>satis</span> <span class='ocrx_word' id='word_1_54' title='bbox 885 855 1084 915; x_wconf 88' lang='lat' dir='ltr'>exercitatum</span> 
     </span>
     <span class='ocr_line' id='line_1_9' title="bbox 92 934 1084 1018; baseline -0.001 -19"><span class='ocrx_word' id='word_1_55' title='bbox 92 940 129 1004; x_wconf 84' lang='lat' dir='ltr'>in,</span> <span class='ocrx_word' id='word_1_56' title='bbox 140 939 290 1012; x_wconf 80' lang='lat' dir='ltr'>dicende,</span> <span class='ocrx_word' id='word_1_57' title='bbox 312 945 346 999; x_wconf 93' lang='lat' dir='ltr'>ut</span> <span class='ocrx_word' id='word_1_58' title='bbox 358 938 534 1018; x_wconf 81' lang='lat' dir='ltr'>Thebanum</span> <span class='ocrx_word' id='word_1_59' title='bbox 550 939 676 998; x_wconf 89' lang='lat' dir='ltr'>scilicet.</span> <span class='ocrx_word' id='word_1_60' title='bbox 708 934 845 1012; x_wconf 78' lang='lat' dir='ltr'>Namque</span> <span class='ocrx_word' id='word_1_61' title='bbox 860 937 902 996; x_wconf 92' lang='lat' dir='ltr'>illi</span> <span class='ocrx_word' id='word_1_62' title='bbox 917 939 999 1012; x_wconf 81' lang='lat' dir='ltr'>g&#39;enli</span> <span class='ocrx_word' id='word_1_63' title='bbox 1014 939 1084 1014; x_wconf 90' lang='lat' dir='ltr'>plus</span> 
     </span>
     <span class='ocr_line' id='line_1_10' title="bbox 91 1019 1117 1098; baseline -0.004 -16"><span class='ocrx_word' id='word_1_64' title='bbox 91 1024 177 1086; x_wconf 86' lang='lat' dir='ltr'>inest</span> <span class='ocrx_word' id='word_1_65' title='bbox 199 1022 305 1082; x_wconf 79' lang='lat' dir='ltr'>virium</span> <span class='ocrx_word' id='word_1_66' title='bbox 328 1038 419 1097; x_wconf 89' lang='lat' dir='ltr'>quam</span> <span class='ocrx_word' id='word_1_67' title='bbox 434 1021 556 1098; x_wconf 80' lang='lat' dir='ltr'>ingenii.</span> <span class='ocrx_word' id='word_1_68' title='bbox 574 1071 575 1076; x_wconf 64' lang='grc'>,</span> <span class='ocrx_word' id='word_1_69' title='bbox 592 1023 631 1096; x_wconf 85' lang='lat' dir='ltr'>ls,</span> <span class='ocrx_word' id='word_1_70' title='bbox 648 1021 733 1097; x_wconf 92' lang='lat' dir='ltr'>quod</span> <span class='ocrx_word' id='word_1_71' title='bbox 747 1024 777 1079; x_wconf 89' lang='lat' dir='ltr'>in</span> <span class='ocrx_word' id='word_1_72' title='bbox 791 1035 825 1080; x_wconf 91' lang='lat' dir='ltr'>re</span> <span class='ocrx_word' id='word_1_73' title='bbox 839 1020 959 1081; x_wconf 90' lang='lat' dir='ltr'>militari</span> <span class='ocrx_word' id='word_1_74' title='bbox 974 1019 1117 1081; x_wconf 68' lang='lat' dir='ltr'>floreres</span> 
     </span>
     <span class='ocr_line' id='line_1_11' title="bbox 95 1103 1085 1181; baseline 0 -17"><span class='ocrx_word' id='word_1_75' title='bbox 95 1106 341 1181; x_wconf 78' lang='lat' dir='ltr'>Epaminondam</span> <span class='ocrx_word' id='word_1_76' title='bbox 352 1105 484 1179; x_wconf 84' lang='lat' dir='ltr'>videbat,</span> <span class='ocrx_word' id='word_1_77' title='bbox 501 1106 614 1167; x_wconf 85' lang='lat' dir='ltr'>hortari</span> <span class='ocrx_word' id='word_1_78' title='bbox 626 1104 745 1166; x_wconf 82' lang='lat' dir='ltr'>solebat</span> <span class='ocrx_word' id='word_1_79' title='bbox 758 1103 922 1165; x_wconf 82' lang='lat' dir='ltr'>Thebanos</span> <span class='ocrx_word' id='word_1_80' title='bbox 932 1109 965 1164; x_wconf 89' lang='lat' dir='ltr'>ut</span> <span class='ocrx_word' id='word_1_81' title='bbox 975 1119 1085 1180; x_wconf 89' lang='lat' dir='ltr'>pacem</span> 
     </span>
     <span class='ocr_line' id='line_1_12' title="bbox 93 1187 1084 1267; baseline -0.001 -19"><span class='ocrx_word' id='word_1_82' title='bbox 93 1189 178 1248; x_wconf 93' lang='lat' dir='ltr'>bello</span> <span class='ocrx_word' id='word_1_83' title='bbox 191 1191 383 1267; x_wconf 82' lang='lat' dir='ltr'>anteferrent,</span> <span class='ocrx_word' id='word_1_84' title='bbox 393 1206 431 1249; x_wconf 89' lang='lat' dir='ltr'>ne</span> <span class='ocrx_word' id='word_1_85' title='bbox 442 1191 523 1251; x_wconf 91' lang='lat' dir='ltr'>illius</span> <span class='ocrx_word' id='word_1_86' title='bbox 536 1189 729 1265; x_wconf 89' lang='lat' dir='ltr'>imperatoris</span> <span class='ocrx_word' id='word_1_87' title='bbox 742 1203 837 1264; x_wconf 90' lang='lat' dir='ltr'>opera</span> <span class='ocrx_word' id='word_1_88' title='bbox 849 1187 1084 1248; x_wconf 83' lang='lat' dir='ltr'>desideraretur.</span> 
     </span>
     <span class='ocr_line' id='line_1_13' title="bbox 94 1269 1085 1349; baseline 0.002 -17"><span class='ocrx_word' id='word_1_89' title='bbox 94 1273 174 1333; x_wconf 83' lang='lat' dir='ltr'>Huic</span> <span class='ocrx_word' id='word_1_90' title='bbox 196 1273 247 1332; x_wconf 92' lang='lat' dir='ltr'>ille</span> <span class='ocrx_word' id='word_1_91' title='bbox 267 1269 362 1335; x_wconf 79' lang='lat' dir='ltr'>Follis</span> <span class='ocrx_word' id='word_1_92' title='bbox 384 1273 482 1349; x_wconf 90' lang='lat' dir='ltr'>inquit</span> <span class='ocrx_word' id='word_1_93' title='bbox 500 1275 587 1334; x_wconf 82' lang='lat' dir='ltr'>aerbo</span> <span class='ocrx_word' id='word_1_94' title='bbox 607 1275 679 1334; x_wconf 81' lang='lat' dir='ltr'>civis</span> <span class='ocrx_word' id='word_1_95' title='bbox 700 1279 777 1346; x_wconf 85' lang='lat' dir='ltr'>taos,</span> <span class='ocrx_word' id='word_1_96' title='bbox 805 1274 886 1347; x_wconf 78' lang='lat' dir='ltr'>qaod</span> <span class='ocrx_word' id='word_1_97' title='bbox 902 1275 955 1333; x_wconf 85' lang='lat' dir='ltr'>bos</span> <span class='ocrx_word' id='word_1_98' title='bbox 974 1289 994 1332; x_wconf 90' lang='lat' dir='ltr'>a</span> <span class='ocrx_word' id='word_1_99' title='bbox 1011 1273 1085 1334; x_wconf 84' lang='lat' dir='ltr'>bello</span> 
     </span>
     <span class='ocr_line' id='line_1_14' title="bbox 92 1357 1085 1431; baseline -0.003 -13"><span class='ocrx_word' id='word_1_100' title='bbox 92 1372 225 1418; x_wconf 75' lang='lat' dir='ltr'>revocas.</span> <span class='ocrx_word' id='word_1_101' title='bbox 254 1357 313 1418; x_wconf 80' lang='lat' dir='ltr'>otii</span> <span class='ocrx_word' id='word_1_102' title='bbox 328 1359 406 1418; x_wconf 81' lang='lat' dir='ltr'>enim</span> <span class='ocrx_word' id='word_1_103' title='bbox 423 1361 540 1418; x_wconf 83' lang='lat' dir='ltr'>nomine</span> <span class='ocrx_word' id='word_1_104' title='bbox 557 1360 724 1417; x_wconf 81' lang='lat' dir='ltr'>seruitutem</span> <span class='ocrx_word' id='word_1_105' title='bbox 743 1359 894 1416; x_wconf 67' lang='lat' dir='ltr'>carradas.</span> <span class='ocrx_word' id='word_1_106' title='bbox 928 1357 1006 1416; x_wconf 86' lang='lat' dir='ltr'>Nam</span> <span class='ocrx_word' id='word_1_107' title='bbox 1019 1373 1085 1431; x_wconf 88' lang='lat' dir='ltr'>pa-</span> 
     </span>
     <span class='ocr_line' id='line_1_15' title="bbox 93 1440 1116 1516; baseline 0.002 -14"><span class='ocrx_word' id='word_1_108' title='bbox 93 1443 174 1502; x_wconf 69' lang='lat' dir='ltr'>rilar</span> <span class='ocrx_word' id='word_1_109' title='bbox 190 1457 259 1515; x_wconf 79' lang='lat' dir='ltr'>pax</span> <span class='ocrx_word' id='word_1_110' title='bbox 279 1442 362 1502; x_wconf 83' lang='lat' dir='ltr'>bella.</span> <span class='ocrx_word' id='word_1_111' title='bbox 393 1440 501 1515; x_wconf 81' lang='lat' dir='ltr'>Itaque</span> <span class='ocrx_word' id='word_1_112' title='bbox 522 1443 576 1516; x_wconf 81' lang='lat' dir='ltr'>qui</span> <span class='ocrx_word' id='word_1_113' title='bbox 593 1457 631 1502; x_wconf 89' lang='lat' dir='ltr'>ea</span> <span class='ocrx_word' id='word_1_114' title='bbox 654 1441 770 1501; x_wconf 78' lang='lat' dir='ltr'>dictiue</span> <span class='ocrx_word' id='word_1_115' title='bbox 795 1442 895 1500; x_wconf 82' lang='lat' dir='ltr'>rolant</span> <span class='ocrx_word' id='word_1_116' title='bbox 916 1440 988 1513; x_wconf 81' lang='lat' dir='ltr'>srar&#39;</span> <span class='ocrx_word' id='word_1_117' title='bbox 1011 1441 1116 1504; x_wconf 80' lang='lat' dir='ltr'>bellot</span> 
     </span>
     <span class='ocr_line' id='line_1_16' title="bbox 93 1523 1085 1598; baseline -0.001 -13"><span class='ocrx_word' id='word_1_118' title='bbox 93 1526 256 1585; x_wconf 79' lang='lat' dir='ltr'>exercitali</span> <span class='ocrx_word' id='word_1_119' title='bbox 272 1541 335 1586; x_wconf 83' lang='lat' dir='ltr'>esse</span> <span class='ocrx_word' id='word_1_120' title='bbox 355 1523 468 1584; x_wconf 83' lang='lat' dir='ltr'>debent.</span> <span class='ocrx_word' id='word_1_121' title='bbox 499 1525 598 1596; x_wconf 78' lang='lat' dir='ltr'>Quare</span> <span class='ocrx_word' id='word_1_122' title='bbox 619 1526 647 1584; x_wconf 83' lang='lat' dir='ltr'>si</span> <span class='ocrx_word' id='word_1_123' title='bbox 660 1526 816 1598; x_wconf 74' lang='lat' dir='ltr'>principes</span> <span class='ocrx_word' id='word_1_124' title='bbox 838 1525 985 1584; x_wconf 81' lang='lat' dir='ltr'>Graeciae</span> <span class='ocrx_word' id='word_1_125' title='bbox 999 1525 1085 1584; x_wconf 82' lang='lat' dir='ltr'>voltis</span> 
     </span>
     <span class='ocr_line' id='line_1_17' title="bbox 93 1606 1116 1683; baseline -0.004 -15"><span class='ocrx_word' id='word_1_126' title='bbox 93 1625 167 1681; x_wconf 83' lang='lat' dir='ltr'>esse,</span> <span class='ocrx_word' id='word_1_127' title='bbox 186 1609 295 1668; x_wconf 79' lang='lat' dir='ltr'>eastris</span> <span class='ocrx_word' id='word_1_128' title='bbox 307 1613 351 1668; x_wconf 83' lang='lat' dir='ltr'>est</span> <span class='ocrx_word' id='word_1_129' title='bbox 364 1607 442 1668; x_wconf 80' lang='lat' dir='ltr'>vobis</span> <span class='ocrx_word' id='word_1_130' title='bbox 452 1609 593 1670; x_wconf 82' lang='lat' dir='ltr'>utendam</span> <span class='ocrx_word' id='word_1_131' title='bbox 607 1624 665 1668; x_wconf 84' lang='lat' dir='ltr'>aaa</span> <span class='ocrx_word' id='word_1_132' title='bbox 673 1610 842 1683; x_wconf 81' lang='lat' dir='ltr'>palaestra.</span> <span class='ocrx_word' id='word_1_133' title='bbox 862 1607 947 1665; x_wconf 88' lang='lat' dir='ltr'>Idem</span> <span class='ocrx_word' id='word_1_134' title='bbox 959 1607 1009 1665; x_wconf 92' lang='lat' dir='ltr'>ille</span> <span class='ocrx_word' id='word_1_135' title='bbox 1021 1606 1084 1664; x_wconf 88' lang='lat' dir='ltr'>hle·</span> <span class='ocrx_word' id='word_1_136' title='bbox 1098 1610 1116 1664; x_wconf 78' lang='lat'><strong>5</strong></span> 
     </span>
     <span class='ocr_line' id='line_1_18' title="bbox 94 1689 1084 1765; baseline -0.002 -15"><span class='ocrx_word' id='word_1_137' title='bbox 94 1691 234 1750; x_wconf 90' lang='lat' dir='ltr'>neclides</span> <span class='ocrx_word' id='word_1_138' title='bbox 248 1706 316 1751; x_wconf 90' lang='lat' dir='ltr'>cum</span> <span class='ocrx_word' id='word_1_139' title='bbox 327 1689 397 1749; x_wconf 92' lang='lat' dir='ltr'>huic</span> <span class='ocrx_word' id='word_1_140' title='bbox 410 1691 546 1752; x_wconf 88' lang='lat' dir='ltr'>obiceret</span> <span class='ocrx_word' id='word_1_141' title='bbox 555 1691 639 1765; x_wconf 88' lang='lat' dir='ltr'>quod</span> <span class='ocrx_word' id='word_1_142' title='bbox 650 1690 763 1750; x_wconf 90' lang='lat' dir='ltr'>liberos</span> <span class='ocrx_word' id='word_1_143' title='bbox 776 1705 837 1750; x_wconf 93' lang='lat' dir='ltr'>non</span> <span class='ocrx_word' id='word_1_144' title='bbox 848 1689 1084 1764; x_wconf 88' lang='lat' dir='ltr'>haberetneque</span> 
     </span>
     <span class='ocr_line' id='line_1_19' title="bbox 95 1772 1145 1849; baseline -0.002 -16"><span class='ocrx_word' id='word_1_145' title='bbox 95 1789 227 1834; x_wconf 84' lang='lat' dir='ltr'>uxorem</span> <span class='ocrx_word' id='word_1_146' title='bbox 246 1773 386 1834; x_wconf 86' lang='lat' dir='ltr'>duxisset</span> <span class='ocrx_word' id='word_1_147' title='bbox 397 1775 593 1848; x_wconf 89' lang='lat' dir='ltr'>maximeque</span> <span class='ocrx_word' id='word_1_148' title='bbox 608 1773 810 1844; x_wconf 87' lang='lat' dir='ltr'>insolentiam,</span> <span class='ocrx_word' id='word_1_149' title='bbox 828 1773 914 1849; x_wconf 90' lang='lat' dir='ltr'>quod</span> <span class='ocrx_word' id='word_1_150' title='bbox 929 1772 987 1832; x_wconf 92' lang='lat' dir='ltr'>sibi</span> <span class='ocrx_word' id='word_1_151' title='bbox 1001 1773 1083 1846; x_wconf 80' lang='lat' dir='ltr'>Aga·</span> <span class='ocrx_word' id='word_1_152' title='bbox 1141 1841 1145 1847; x_wconf 24' lang='lat'>⁸</span> 
     </span>
     <span class='ocr_line' id='line_1_20' title="bbox 96 1855 1144 1931; baseline 0.001 -15"><span class='ocrx_word' id='word_1_153' title='bbox 96 1859 267 1918; x_wconf 90' lang='lat' dir='ltr'>memnonis</span> <span class='ocrx_word' id='word_1_154' title='bbox 278 1857 349 1916; x_wconf 87' lang='lat' dir='ltr'>belli</span> <span class='ocrx_word' id='word_1_155' title='bbox 362 1857 490 1931; x_wconf 80' lang='lat' dir='ltr'>gloriam</span> <span class='ocrx_word' id='word_1_156' title='bbox 501 1858 657 1918; x_wconf 88' lang='lat' dir='ltr'>videretur</span> <span class='ocrx_word' id='word_1_157' title='bbox 667 1864 862 1930; x_wconf 91' lang='lat' dir='ltr'>consecutus,</span> <span class='ocrx_word' id='word_1_158' title='bbox 877 1856 916 1917; x_wconf 77' lang='lat' dir='ltr'>a</span> <span class='ocrx_word' id='word_1_159' title='bbox 925 1857 1084 1917; x_wconf 85' lang='lat' dir='ltr'>illedesine</span> <span class='ocrx_word' id='word_1_160' title='bbox 1141 1855 1144 1860; x_wconf 84' lang='grc'><strong>’</strong></span> 
     </span>
     <span class='ocr_line' id='line_1_21' title="bbox 96 1941 1084 2024; baseline 0 -24"><span class='ocrx_word' id='word_1_161' title='bbox 96 1941 201 2024; x_wconf 84' lang='lat' dir='ltr'>inquit,</span> <span class='ocrx_word' id='word_1_162' title='bbox 223 1941 404 2014; x_wconf 83' lang='lat' dir='ltr'>Meneclida,</span> <span class='ocrx_word' id='word_1_163' title='bbox 422 1943 460 2002; x_wconf 84' lang='lat' dir='ltr'>de</span> <span class='ocrx_word' id='word_1_164' title='bbox 473 1959 569 2003; x_wconf 82' lang='lat' dir='ltr'>uxore</span> <span class='ocrx_word' id='word_1_165' title='bbox 582 1942 656 2002; x_wconf 80' lang='lat' dir='ltr'>mihi</span> <span class='ocrx_word' id='word_1_166' title='bbox 664 1943 859 2018; x_wconf 76' lang='lat' dir='ltr'>exprobrare.</span> <span class='ocrx_word' id='word_1_167' title='bbox 884 1941 961 2000; x_wconf 87' lang='lat' dir='ltr'>Nom</span> <span class='ocrx_word' id='word_1_168' title='bbox 973 1944 1084 2001; x_wconf 79' lang='lat' dir='ltr'>callias</span> 
     </span>
     <span class='ocr_line' id='line_1_22' title="bbox 62 2023 1082 2101; baseline -0.004 -15"><span class='ocrx_word' id='word_1_169' title='bbox 62 2063 67 2076; x_wconf 83' lang='lat'>,</span> <span class='ocrx_word' id='word_1_170' title='bbox 96 2028 127 2086; x_wconf 84' lang='lat' dir='ltr'>r‘a</span> <span class='ocrx_word' id='word_1_171' title='bbox 138 2029 196 2085; x_wconf 70' lang='lat' dir='ltr'>esta</span> <span class='ocrx_word' id='word_1_172' title='bbox 210 2043 246 2086; x_wconf 90' lang='lat' dir='ltr'>re</span> <span class='ocrx_word' id='word_1_173' title='bbox 259 2027 357 2086; x_wconf 84' lang='lat' dir='ltr'>minas</span> <span class='ocrx_word' id='word_1_174' title='bbox 367 2027 412 2084; x_wconf 84' lang='lat' dir='ltr'>ati</span> <span class='ocrx_word' id='word_1_175' title='bbox 420 2029 543 2086; x_wconf 81' lang='lat' dir='ltr'>consilio</span> <span class='ocrx_word' id='word_1_176' title='bbox 553 2029 624 2086; x_wconf 84' lang='lat' dir='ltr'>volo.</span> <span class='ocrx_word' id='word_1_177' title='bbox 637 2025 789 2101; x_wconf 87' lang='lat' dir='ltr'>(Habebat</span> <span class='ocrx_word' id='word_1_178' title='bbox 803 2025 882 2086; x_wconf 88' lang='lat' dir='ltr'>enirn</span> <span class='ocrx_word' id='word_1_179' title='bbox 893 2023 1082 2084; x_wconf 83' lang='lat' dir='ltr'>Meneclides</span> 
     </span>
     <span class='ocr_line' id='line_1_23' title="bbox 96 2108 1115 2184; baseline 0 -16"><span class='ocrx_word' id='word_1_180' title='bbox 96 2109 307 2184; x_wconf 85' lang='lat' dir='ltr'>suspicionem</span> <span class='ocrx_word' id='word_1_181' title='bbox 334 2108 487 2180; x_wconf 84' lang='lat' dir='ltr'>adulteri.)</span> <span class='ocrx_word' id='word_1_182' title='bbox 537 2109 623 2182; x_wconf 80' lang='lat' dir='ltr'>Qrcod</span> <span class='ocrx_word' id='word_1_183' title='bbox 645 2114 742 2169; x_wconf 76' lang='lat' dir='ltr'>aorem</span> <span class='ocrx_word' id='word_1_184' title='bbox 766 2125 812 2168; x_wconf 84' lang='lat' dir='ltr'>rae</span> <span class='ocrx_word' id='word_1_185' title='bbox 835 2109 1115 2183; x_wconf 76' lang='lat' dir='ltr'>Apamemnoaemd</span> 
     </span>
     <span class='ocr_line' id='line_1_24' title="bbox 95 2191 1082 2268; baseline -0.002 -16"><span class='ocrx_word' id='word_1_186' title='bbox 95 2195 245 2254; x_wconf 83' lang='lat' dir='ltr'>aemulari</span> <span class='ocrx_word' id='word_1_187' title='bbox 251 2197 359 2268; x_wconf 82' lang='lat' dir='ltr'>putas,</span> <span class='ocrx_word' id='word_1_188' title='bbox 374 2192 507 2265; x_wconf 81' lang='lat' dir='ltr'>falleris.</span> <span class='ocrx_word' id='word_1_189' title='bbox 536 2193 672 2267; x_wconf 84' lang='lat' dir='ltr'>Namque</span> <span class='ocrx_word' id='word_1_190' title='bbox 685 2194 735 2252; x_wconf 81' lang='lat' dir='ltr'>dle</span> <span class='ocrx_word' id='word_1_191' title='bbox 749 2207 816 2252; x_wconf 84' lang='lat' dir='ltr'>eam</span> <span class='ocrx_word' id='word_1_192' title='bbox 830 2194 969 2251; x_wconf 81' lang='lat' dir='ltr'>universa</span> <span class='ocrx_word' id='word_1_193' title='bbox 983 2191 1082 2250; x_wconf 85' lang='lat' dir='ltr'>Grae-</span> 
     </span>
     <span class='ocr_line' id='line_1_25' title="bbox 95 2275 1083 2350; baseline -0.007 -13"><span class='ocrx_word' id='word_1_194' title='bbox 95 2279 143 2337; x_wconf 82' lang='lat' dir='ltr'>cia</span> <span class='ocrx_word' id='word_1_195' title='bbox 156 2279 209 2336; x_wconf 80' lang='lat' dir='ltr'>trix</span> <span class='ocrx_word' id='word_1_196' title='bbox 227 2277 326 2336; x_wconf 82' lang='lat' dir='ltr'>dacem</span> <span class='ocrx_word' id='word_1_197' title='bbox 345 2279 434 2335; x_wconf 80' lang='lat' dir='ltr'>onnia</span> <span class='ocrx_word' id='word_1_198' title='bbox 449 2291 541 2334; x_wconf 79' lang='lat' dir='ltr'>renam</span> <span class='ocrx_word' id='word_1_199' title='bbox 559 2278 639 2350; x_wconf 83' lang='lat' dir='ltr'>cepit</span> <span class='ocrx_word' id='word_1_200' title='bbox 651 2275 761 2347; x_wconf 82' lang='lat' dir='ltr'>arbem,</span> <span class='ocrx_word' id='word_1_201' title='bbox 780 2288 834 2348; x_wconf 75' lang='lat' dir='ltr'>epo</span> <span class='ocrx_word' id='word_1_202' title='bbox 851 2280 955 2349; x_wconf 77' lang='lat' dir='ltr'>conae</span> <span class='ocrx_word' id='word_1_203' title='bbox 972 2290 1009 2334; x_wconf 88' lang='lat' dir='ltr'>ea</span> <span class='ocrx_word' id='word_1_204' title='bbox 1021 2287 1083 2332; x_wconf 89' lang='lat' dir='ltr'>ana</span> 
     </span>
     <span class='ocr_line' id='line_1_26' title="bbox 95 2349 1083 2434; baseline -0.004 -15"><span class='ocrx_word' id='word_1_205' title='bbox 95 2359 167 2420; x_wconf 85' lang='lat' dir='ltr'>arbe</span> <span class='ocrx_word' id='word_1_206' title='bbox 180 2367 283 2419; x_wconf 74' lang='lat' dir='ltr'>nasac</span> <span class='ocrx_word' id='word_1_207' title='bbox 300 2360 405 2434; x_wconf 77' lang='lat' dir='ltr'>dieque</span> <span class='ocrx_word' id='word_1_208' title='bbox 419 2375 478 2418; x_wconf 85' lang='lat' dir='ltr'>auo</span> <span class='ocrx_word' id='word_1_209' title='bbox 488 2363 577 2420; x_wconf 83' lang='lat' dir='ltr'>totam</span> <span class='ocrx_word' id='word_1_210' title='bbox 597 2359 755 2419; x_wconf 82' lang='lat' dir='ltr'>Graeciam</span> <span class='ocrx_word' id='word_1_211' title='bbox 771 2357 1011 2418; x_wconf 75' lang='lat' dir='ltr'>Lacedaemoniis</span> <span class='ocrx_word' id='word_1_212' title='bbox 1022 2349 1083 2429; x_wconf 83' lang='lat' dir='ltr'>sc-</span> 
     </span>
     <span class='ocr_line' id='line_1_27' title="bbox 92 2443 852 2518; baseline 0.004 -16"><span class='ocrx_word' id='word_1_213' title='bbox 92 2443 313 2518; x_wconf 76' lang='lat' dir='ltr'>patr&#39;sleberaar&#39;.</span> <span class='ocrx_word' id='word_1_214' title='bbox 549 2453 550 2458; x_wconf 75' lang='grc'>’</span> <span class='ocrx_word' id='word_1_215' title='bbox 849 2500 852 2505; x_wconf 90' lang='grc'><em>.</em></span> 
     </span>
    </p>

    <p class='ocr_par' dir='ltr' id='par_1_4' title="bbox 37 2523 1177 3520">
     <span class='ocr_line' id='line_1_28' title="bbox 167 2523 1123 2598; baseline 0 -14"><span class='ocrx_word' id='word_1_216' title='bbox 167 2526 252 2585; x_wconf 90' lang='lat' dir='ltr'>Idem</span> <span class='ocrx_word' id='word_1_217' title='bbox 268 2541 336 2586; x_wconf 92' lang='lat' dir='ltr'>cum</span> <span class='ocrx_word' id='word_1_218' title='bbox 352 2525 577 2585; x_wconf 88' lang='lat' dir='ltr'>inconventum</span> <span class='ocrx_word' id='word_1_219' title='bbox 593 2525 732 2585; x_wconf 87' lang='lat' dir='ltr'>venisset</span> <span class='ocrx_word' id='word_1_220' title='bbox 746 2523 903 2584; x_wconf 85' lang='lat' dir='ltr'>Arcadum</span> <span class='ocrx_word' id='word_1_221' title='bbox 917 2530 1026 2598; x_wconf 88' lang='lat' dir='ltr'>petens</span> <span class='ocrx_word' id='word_1_222' title='bbox 1044 2525 1123 2586; x_wconf 87' lang='lat' dir='ltr'>utVl</span> 
     </span>
     <span class='ocr_line' id='line_1_29' title="bbox 96 2608 1082 2684; baseline -0.004 -16"><span class='ocrx_word' id='word_1_223' title='bbox 96 2609 273 2672; x_wconf 88' lang='lat' dir='ltr'>societatem</span> <span class='ocrx_word' id='word_1_224' title='bbox 299 2624 368 2670; x_wconf 91' lang='lat' dir='ltr'>cum</span> <span class='ocrx_word' id='word_1_225' title='bbox 388 2609 540 2669; x_wconf 88' lang='lat' dir='ltr'>Thebanis</span> <span class='ocrx_word' id='word_1_226' title='bbox 563 2616 593 2668; x_wconf 90' lang='lat' dir='ltr'>et</span> <span class='ocrx_word' id='word_1_227' title='bbox 612 2609 738 2684; x_wconf 87' lang='lat' dir='ltr'>Argivis</span> <span class='ocrx_word' id='word_1_228' title='bbox 760 2608 894 2666; x_wconf 87' lang='lat' dir='ltr'>iacerent</span> <span class='ocrx_word' id='word_1_229' title='bbox 914 2613 1082 2680; x_wconf 85' lang='lat' dir='ltr'>contraque</span> 
     </span>
     <span class='ocr_line' id='line_1_30' title="bbox 97 2689 1082 2767; baseline -0.004 -15"><span class='ocrx_word' id='word_1_230' title='bbox 97 2693 296 2764; x_wconf 86' lang='lat' dir='ltr'>Callistratus,</span> <span class='ocrx_word' id='word_1_231' title='bbox 320 2691 552 2753; x_wconf 83' lang='lat' dir='ltr'>Atheniensium</span> <span class='ocrx_word' id='word_1_232' title='bbox 567 2693 701 2767; x_wconf 86' lang='lat' dir='ltr'>legatus,</span> <span class='ocrx_word' id='word_1_233' title='bbox 725 2691 777 2767; x_wconf 90' lang='lat' dir='ltr'>qui</span> <span class='ocrx_word' id='word_1_234' title='bbox 791 2689 966 2762; x_wconf 88' lang='lat' dir='ltr'>eloquentia</span> <span class='ocrx_word' id='word_1_235' title='bbox 983 2689 1082 2748; x_wconf 88' lang='lat' dir='ltr'>omnis</span> 
     </span>
     <span class='ocr_line' id='line_1_31' title="bbox 97 2769 1177 2852; baseline -0.002 -18"><span class='ocrx_word' id='word_1_236' title='bbox 97 2792 135 2835; x_wconf 89' lang='lat' dir='ltr'>eo</span> <span class='ocrx_word' id='word_1_237' title='bbox 157 2774 335 2851; x_wconf 85' lang='lat' dir='ltr'>praeslabat</span> <span class='ocrx_word' id='word_1_238' title='bbox 359 2782 513 2851; x_wconf 89' lang='lat' dir='ltr'>tempore,</span> <span class='ocrx_word' id='word_1_239' title='bbox 543 2777 713 2852; x_wconf 82' lang='lat' dir='ltr'>postularet</span> <span class='ocrx_word' id='word_1_240' title='bbox 734 2780 768 2834; x_wconf 90' lang='lat' dir='ltr'>ut</span> <span class='ocrx_word' id='word_1_241' title='bbox 792 2773 895 2848; x_wconf 91' lang='lat' dir='ltr'>potius</span> <span class='ocrx_word' id='word_1_242' title='bbox 921 2769 1083 2832; x_wconf 88' lang='lat' dir='ltr'>amicitiam</span> <span class='ocrx_word' id='word_1_243' title='bbox 1172 2785 1177 2792; x_wconf 68' lang='grc'><strong>“</strong></span> 
     </span>
     <span class='ocr_line' id='line_1_32' title="bbox 98 2856 1081 2934; baseline -0.003 -15"><span class='ocrx_word' id='word_1_244' title='bbox 98 2866 300 2934; x_wconf 91' lang='lat' dir='ltr'>sequerentur</span> <span class='ocrx_word' id='word_1_245' title='bbox 310 2859 480 2920; x_wconf 90' lang='lat' dir='ltr'>Atticorum</span> <span class='ocrx_word' id='word_1_246' title='bbox 494 2865 525 2919; x_wconf 85' lang='lat' dir='ltr'>et</span> <span class='ocrx_word' id='word_1_247' title='bbox 545 2860 576 2934; x_wconf 92' lang='lat' dir='ltr'>in</span> <span class='ocrx_word' id='word_1_248' title='bbox 598 2859 735 2919; x_wconf 90' lang='lat' dir='ltr'>oratione</span> <span class='ocrx_word' id='word_1_249' title='bbox 753 2873 812 2917; x_wconf 89' lang='lat' dir='ltr'>sua</span> <span class='ocrx_word' id='word_1_250' title='bbox 829 2857 923 2916; x_wconf 89' lang='lat' dir='ltr'>multa</span> <span class='ocrx_word' id='word_1_251' title='bbox 943 2856 1081 2916; x_wconf 89' lang='lat' dir='ltr'>invectus</span> 
     </span>
     <span class='ocr_line' id='line_1_33' title="bbox 37 2939 1083 3017; baseline -0.002 -15"><span class='ocrx_word' id='word_1_252' title='bbox 37 2941 41 2950; x_wconf 90' lang='lat'><em>&#39;</em></span> <span class='ocrx_word' id='word_1_253' title='bbox 96 2949 180 3004; x_wconf 90' lang='lat' dir='ltr'>esset</span> <span class='ocrx_word' id='word_1_254' title='bbox 199 2942 230 3002; x_wconf 90' lang='lat' dir='ltr'>in</span> <span class='ocrx_word' id='word_1_255' title='bbox 250 2941 412 3002; x_wconf 87' lang='lat' dir='ltr'>Thebanos</span> <span class='ocrx_word' id='word_1_256' title='bbox 441 2948 471 3000; x_wconf 86' lang='lat' dir='ltr'>et</span> <span class='ocrx_word' id='word_1_257' title='bbox 494 2941 628 3017; x_wconf 82' lang='lat' dir='ltr'>Argivos</span> <span class='ocrx_word' id='word_1_258' title='bbox 657 2941 688 3000; x_wconf 91' lang='lat' dir='ltr'>in</span> <span class='ocrx_word' id='word_1_259' title='bbox 709 2940 817 3014; x_wconf 88' lang='lat' dir='ltr'>eisque</span> <span class='ocrx_word' id='word_1_260' title='bbox 843 2939 904 2999; x_wconf 91' lang='lat' dir='ltr'>hoe</span> <span class='ocrx_word' id='word_1_261' title='bbox 925 2939 1083 3016; x_wconf 86' lang='lat' dir='ltr'>posuisset</span> 
     </span>
     <span class='ocr_line' id='line_1_34' title="bbox 96 3022 1114 3100; baseline 0.002 -14"><span class='ocrx_word' id='word_1_262' title='bbox 96 3025 228 3086; x_wconf 90' lang='lat' dir='ltr'>animum</span> <span class='ocrx_word' id='word_1_263' title='bbox 244 3025 404 3086; x_wconf 85' lang='lat' dir='ltr'>advertere</span> <span class='ocrx_word' id='word_1_264' title='bbox 426 3022 539 3086; x_wconf 90' lang='lat' dir='ltr'>debere</span> <span class='ocrx_word' id='word_1_265' title='bbox 554 3025 692 3084; x_wconf 87' lang='lat' dir='ltr'>Arcadas</span> <span class='ocrx_word' id='word_1_266' title='bbox 709 3024 808 3099; x_wconf 89' lang='lat' dir='ltr'>qualis</span> <span class='ocrx_word' id='word_1_267' title='bbox 831 3030 960 3100; x_wconf 89' lang='lat' dir='ltr'>utraque</span> <span class='ocrx_word' id='word_1_268' title='bbox 973 3024 1114 3088; x_wconf 67' lang='lat' dir='ltr'>civitas!</span> 
     </span>
     <span class='ocr_line' id='line_1_35' title="bbox 96 3107 1081 3186; baseline -0.008 -16"><span class='ocrx_word' id='word_1_269' title='bbox 96 3109 172 3170; x_wconf 83' lang='lat' dir='ltr'>civis</span> <span class='ocrx_word' id='word_1_270' title='bbox 193 3115 389 3186; x_wconf 84' lang='lat' dir='ltr'>procreasset</span> <span class='ocrx_word' id='word_1_271' title='bbox 410 3123 450 3168; x_wconf 88' lang='lat' dir='ltr'>ex</span> <span class='ocrx_word' id='word_1_272' title='bbox 471 3108 582 3182; x_wconf 89' lang='lat' dir='ltr'>quibus</span> <span class='ocrx_word' id='word_1_273' title='bbox 598 3107 637 3168; x_wconf 90' lang='lat' dir='ltr'>de</span> <span class='ocrx_word' id='word_1_274' title='bbox 652 3107 762 3168; x_wconf 87' lang='lat' dir='ltr'>ceteris</span> <span class='ocrx_word' id='word_1_275' title='bbox 777 3115 908 3185; x_wconf 87' lang='lat' dir='ltr'>possent</span> <span class='ocrx_word' id='word_1_276' title='bbox 929 3107 1081 3168; x_wconf 69' lang='lat' dir='ltr'>iudicares</span> 
     </span>
     <span class='ocr_line' id='line_1_36' title="bbox 96 3187 1111 3268; baseline -0.006 -16"><span class='ocrx_word' id='word_1_277' title='bbox 96 3193 229 3268; x_wconf 80' lang='lat' dir='ltr'>Argivos</span> <span class='ocrx_word' id='word_1_278' title='bbox 261 3193 343 3252; x_wconf 84' lang='lat' dir='ltr'>anim</span> <span class='ocrx_word' id='word_1_279' title='bbox 370 3191 467 3252; x_wconf 87' lang='lat' dir='ltr'>luisse</span> <span class='ocrx_word' id='word_1_280' title='bbox 502 3190 638 3253; x_wconf 89' lang='lat' dir='ltr'>Orestem</span> <span class='ocrx_word' id='word_1_281' title='bbox 671 3198 702 3251; x_wconf 85' lang='lat' dir='ltr'>el</span> <span class='ocrx_word' id='word_1_282' title='bbox 734 3191 953 3252; x_wconf 86' lang='lat' dir='ltr'>Alcmaeonem</span> <span class='ocrx_word' id='word_1_283' title='bbox 981 3187 1111 3248; x_wconf 89' lang='lat' dir='ltr'>malrl·&#39;</span> 
     </span>
     <span class='ocr_line' id='line_1_37' title="bbox 97 3273 1081 3352; baseline -0.006 -16"><span class='ocrx_word' id='word_1_284' title='bbox 97 3277 200 3346; x_wconf 66' lang='lat' dir='ltr'>cidass</span> <span class='ocrx_word' id='word_1_285' title='bbox 228 3275 340 3336; x_wconf 88' lang='lat' dir='ltr'>Thebis</span> <span class='ocrx_word' id='word_1_286' title='bbox 363 3273 512 3352; x_wconf 91' lang='lat' dir='ltr'>Oedipum</span> <span class='ocrx_word' id='word_1_287' title='bbox 536 3282 654 3347; x_wconf 87' lang='lat' dir='ltr'>netum,</span> <span class='ocrx_word' id='word_1_288' title='bbox 682 3273 734 3350; x_wconf 89' lang='lat' dir='ltr'>qui</span> <span class='ocrx_word' id='word_1_289' title='bbox 759 3291 827 3336; x_wconf 88' lang='lat' dir='ltr'>omn</span> <span class='ocrx_word' id='word_1_290' title='bbox 853 3281 969 3350; x_wconf 88' lang='lat' dir='ltr'>patrem</span> <span class='ocrx_word' id='word_1_291' title='bbox 993 3289 1081 3333; x_wconf 93' lang='lat' dir='ltr'>suum</span> 
     </span>
     <span class='ocr_line' id='line_1_38' title="bbox 55 3349 1114 3434; baseline -0.005 -15"><span class='ocrx_word' id='word_1_292' title='bbox 55 3366 61 3378; x_wconf 93' lang='lat'>&#39;</span> <span class='ocrx_word' id='word_1_293' title='bbox 97 3359 307 3434; x_wconf 89' lang='lat' dir='ltr'>interlecisset,</span> <span class='ocrx_word' id='word_1_294' title='bbox 323 3373 363 3420; x_wconf 85' lang='lat' dir='ltr'>ex</span> <span class='ocrx_word' id='word_1_295' title='bbox 376 3365 472 3418; x_wconf 89' lang='lat' dir='ltr'>matre</span> <span class='ocrx_word' id='word_1_296' title='bbox 482 3358 597 3419; x_wconf 89' lang='lat' dir='ltr'>liberas</span> <span class='ocrx_word' id='word_1_297' title='bbox 612 3373 805 3434; x_wconf 89' lang='lat' dir='ltr'>procreasse,</span> <span class='ocrx_word' id='word_1_298' title='bbox 820 3357 891 3418; x_wconf 90' lang='lat' dir='ltr'>huic</span> <span class='ocrx_word' id='word_1_299' title='bbox 906 3357 937 3415; x_wconf 92' lang='lat' dir='ltr'>in</span> <span class='ocrx_word' id='word_1_300' title='bbox 951 3371 1080 3430; x_wconf 90' lang='lat' dir='ltr'>respon·</span> <span class='ocrx_word' id='word_1_301' title='bbox 1095 3349 1114 3406; x_wconf 70' lang='grc' dir='ltr'><strong><em>ὃ</em></strong></span> 
     </span>
     <span class='ocr_line' id='line_1_39' title="bbox 98 3441 1081 3520; baseline -0.006 -16"><span class='ocrx_word' id='word_1_302' title='bbox 98 3443 197 3504; x_wconf 89' lang='lat' dir='ltr'>dendo</span> <span class='ocrx_word' id='word_1_303' title='bbox 204 3441 445 3520; x_wconf 86' lang='lat' dir='ltr'>Epaminondas,</span> <span class='ocrx_word' id='word_1_304' title='bbox 458 3458 528 3502; x_wconf 86' lang='lat' dir='ltr'>eum</span> <span class='ocrx_word' id='word_1_305' title='bbox 541 3442 581 3502; x_wconf 91' lang='lat' dir='ltr'>de</span> <span class='ocrx_word' id='word_1_306' title='bbox 592 3442 701 3503; x_wconf 89' lang='lat' dir='ltr'>ceteris</span> <span class='ocrx_word' id='word_1_307' title='bbox 717 3448 902 3518; x_wconf 87' lang='lat' dir='ltr'>perorasset,</span> <span class='ocrx_word' id='word_1_308' title='bbox 914 3445 1081 3516; x_wconf 86' lang='lat' dir='ltr'>postquam</span> 
     </span>
    </p>
   </div>
   <div class='ocr_carea' id='block_1_3' title="bbox 0 0 1294 3994">
    <p class='ocr_par' dir='ltr' id='par_1_5' title="bbox 0 0 1294 3994">
     <span class='ocr_line' id='line_1_40' title="bbox 0 0 1294 3994; baseline 0 0"><span class='ocrx_word' id='word_1_309' title='bbox 0 0 1294 3994; x_wconf 95' lang='lat' dir='ltr'> </span> 
     </span>
    </p>
   </div>
  </div>
 </body>
</html>
