2556 3994
182 269 225 361 sa
443 271 537 334 xxv.
560 271 772 334 xrrrcus.
793 281 819 334 1.
833 283 861 332 2.
907 248 937 258 “’

642 505 669 566 11

132 729 143 738 .
178 712 181 716 .
229 635 353 734 xxx
416 636 462 733 r.
492 572 829 732 inuramus
859 633 1124 733 urricus,

161 804 227 903 ΙΤ.
242 839 417 900 Postremus
431 823 562 900 Arctous
584 841 623 901 ab
638 841 756 917 origine
775 839 882 910 ultima
900 837 1005 914 stirpis
1016 838 1178 902 Romame

184 929 349 1001 generatus
363 930 516 999 perpetuo
530 941 550 984 o
562 924 731 986 maioribus
753 931 914 998 acceptam
927 929 1105 998 equestrem
1120 925 1176 984 ob-

154 1007 274 1074 ‘ltinuit
293 1007 478 1082 dignitatem.
508 1006 599 1069 Potrc
613 1024 691 1069 usus
706 1016 754 1070 est
766 1008 910 1082 diligente
924 1006 1125 1083 [indulgente]
1147 1015 1179 1068 et

168 1131 171 1148 t
185 1100 219 1154 ut
229 1085 293 1152 t'um
304 1097 390 1151 erant
402 1097 542 1170 tempora
553 1092 606 1152 diti
617 1093 646 1152 in
659 1093 831 1168 primisque
842 1090 984 1152 studioso
995 1091 1177 1172 litterarum·

185 1177 250 1250 Hic,
272 1180 363 1250 prout
377 1174 447 1249 ipse
461 1174 583 1241 amabat
597 1177 721 1249 litteras,
743 1175 885 1237 omnibus
900 1174 1047 1235 doctrinis
1060 1176 1177 1250 quibus
1270 1161 1271 1248 J

155 1258 312 1335 spuerilis
327 1265 412 1318 actos
433 1257 581 1334 impertiri
594 1260 688 1321 dohet
701 1261 797 1322 filium
812 1259 954 1320 emdivit
985 1258 1060 1319 Erat
1073 1266 1178 1321 cutem

184 1345 216 1405 in
236 1356 333 1418 puero
348 1347 471 1417 praeter
485 1343 670 1404 docilitatem
691 1344 803 1420 ingenii
818 1359 938 1404 summa
951 1342 1090 1404 suavitas
1110 1343 1176 1407 oris

185 1433 279 1503 atque
292 1427 395 1500 vocis,
415 1433 523 1488 utnon
539 1430 640 1489 solum
655 1430 795 1490 celeriter
809 1428 965 1502 acciperet
979 1442 1059 1502 quae
1073 1429 1177 1488 trode-
1270 1455 1271 1472 ι

185 1512 297 1572 bantur
317 1510 374 1570 sed
395 1510 486 1571 etiam
506 1514 693 1582 excellenter
707 1511 927 1590 pronuntiaret.
960 1510 1027 1584 Qua
1041 1519 1082 1571 ex
1096 1527 1132 1572 re
1146 1512 1177 1572 iu
1270 1495 1271 1558 ἶ

184 1587 322 1672 pueritie
338 1593 449 1654 nobilis
473 1594 553 1654 inter
578 1589 716 1672 aequalis
744 1597 899 1658 ferebatur
923 1596 1099 1669 clariusque
1122 1611 1177 1655 ex·
1270 1619 1271 1658 z

185 1677 425 1756 splendescebat
445 1694 537 1753 quam
557 1681 702 1754 generosi
723 1679 928 1754 condiscipuli
950 1678 1052 1740 animo
1073 1695 1177 1755 aequo
1270 1669 1271 1734 ¹

157 1763 265 1826 tierre
280 1767 419 1838 possent
452 1762 559 1838 ltaque
573 1763 719 1826 incitabat
732 1765 832 1826 omnis
848 1764 950 1824 studio
965 1779 1034 1824 suo.
1063 1763 1132 1838 Quo
1147 1765 1178 1824 in
1270 1749 1271 1786 ¹

185 1861 313 1908 numero
325 1841 449 1907 luerunt
462 1845 685 1923 L.Torquet'us,
707 1849 741 1908 G.
757 1848 876 1914 Marius,
888 1848 978 1920 iilius,
1000 1847 1042 1906 ll.
1058 1847 1178 1911 cicero.
1270 1917 1271 1920 Ἴ

186 1932 272 2008 Quos
288 1931 513 1992 consuetudine
534 1933 652 1992 suasio
668 1932 806 1994 devinxit
818 1938 853 1992 ut
866 1947 956 1992 nemo
971 1931 1009 1992 iis
1024 1939 1177 2008 perpetuo
1270 1945 1271 1996 l

185 2014 278 2077 luerit
292 2013 402 2074 carior.
716 2066 717 2078 ,
1270 2011 1271 2098 J

144 2100 170 2161 ll
252 2097 352 2158 ¹Pater
371 2104 489 2158 mature
511 2098 656 2160 decessit
690 2101 763 2176 lpse
778 2099 1029 2160 adulescentulus
1049 2107 1179 2175 propter
1270 2101 1271 2138 l

186 2183 365 2246 affinitatem
383 2181 418 2242 P.
439 2180 568 2258 Sulpicii
590 2185 643 2260 qui
662 2185 803 2246 tribunus
825 2183 908 2258 plebi
929 2185 1108 2245 interiectus
1130 2191 1179 2247 est
1270 2181 1271 2196 ¹

186 2283 249 2331 non
264 2281 378 2342 expers
394 2267 450 2328 luit
464 2267 545 2328 illius
561 2269 699 2342 periculi.
724 2269 865 2344 Namque
878 2269 997 2342 Anicia,
1016 2267 1179 2344 Pomponii
1270 2265 1271 2306 ¹

158 2351 383 2426 sconsobrlna,
402 2356 551 2427 nupserat
558 2349 676 2426 Servio,
692 2351 784 2414 'tratri
797 2351 936 2427 S'ulpicii.
963 2353 1070 2427 Itaque
1084 2355 1179 2412 inter-
1270 2343 1271 2402 ἶ

186 2437 268 2496 lecto
291 2432 429 2509 Sulpicio
451 2442 656 2512 posteaquam
674 2435 751 2497 vidit
765 2436 1059 2520 Giunauoltumultu.
1072 2435 1179 2496 civita-
1270 2437 1271 2452 ¹

183 2525 248 2580 'tem
259 2522 332 2578 esse
343 2519 552 2593 perturbatam
563 2536 664 2596 neque
675 2519 735 2589 sibi
746 2521 812 2581 dari
824 2519 999 2580 securitatem
1009 2535 1064 2596 pro
1076 2519 1179 2592 digni-
1270 2515 1271 2536 ¹

186 2611 249 2666 tote
263 2601 387 2662 vivendi
401 2599 477 2678 euin
493 2603 667 2676 ulterutram
682 2610 801 2679 portem
816 2602 989 2666 offenderet
1001 2603 1180 2664 dissocietis
1270 2601 1271 2614 ¹

188 2687 297 2764 animis
313 2685 433 2761 civium,
450 2688 585 2750 cum'olii
594 2687 728 2748 Sullanis
737 2688 790 2748 alii
798 2687 942 2748 Cinnanis
958 2689 1096 2748 laverant
1107 2703 1180 2762 per·
1270 2701 1271 2704 ’

186 2772 280 2845 tibus,
292 2771 439 2832 idoneum
450 2776 572 2847 tempus
583 2779 668 2832 ratus
680 2771 792 2832 studiis
804 2772 998 2848 obsequendi
1007 2771 1179 2832 suisAthe

188 2873 246 2916 nas
268 2870 303 2915 se
324 2855 460 2916 contulit
495 2857 604 2931 Neque
625 2872 663 2918 ec
678 2856 782 2917 secius
805 2856 1035 2918 adulescentem
1047 2854 1180 2916 Marium

94 2954 98 2962 ·
187 2939 309 3000 hostem
320 2935 490 3000 ¹iudicatum
503 2940 580 3001 iuvit
594 2940 707 3016 opibus
721 2941 797 3001 suis.
821 2939 914 3000 Cuius
930 2941 1031 3015 lugam
1047 2940 1182 3015 pecunia
1240 3001 1242 3006 ,

158 3021 370 3086 tlsublevavit.
406 3023 453 3083 Ac
468 3039 508 3082 ne
528 3025 581 3084 illa
595 3025 802 3105 peregrinatio
817 3023 1031 3086 detrimentum
1053 3023 1182 3098 aliqum

187 3105 313 3168 afferret
326 3105 371 3165 rei
393 3107 548 3183 familiari,-
568 3109 679 3170 eodem
694 3123 835 3184 magnam
850 3114 969 3184 partem
989 3109 1181 3168 fortunarum
1270 3171 1271 3174 ,

186 3189 307 3251 traiecit
326 3205 462 3250 suarum.
497 3191 555 3252 Hic
567 3189 700 3254 ita-uixit
718 3205 751 3253 ut
770 3192 925 3252 universis
940 3191 1182 3262 Atheniensibus

113 3341 117 3348 ,
156 3275 295 3336 emerito
311 3279 398 3333 esset
413 3273 601 3337 carissimus.
636 3277 714 3336 Nam
727 3282 851 3351 praeter
865 3276 1002 3351 gratiam
1025 3289 1107 3350 quae
1120 3275 1182 3334 iam

186 3359 218 3422 in
234 3359 467 3419 adulescentulo
481 3374 593 3434 magua
614 3368 687 3432 erat,
708 3375 804 3434 saepe
824 3360 889 3420 suis
912 3359 1024 3434 opibus
1045 3357 1183 3433 inopiam

87 3483 88 3490 κ
187 3457 296 3502 eorum
303 3441 458 3517 publicam
469 3444 591 3504 levavit
607 3444 680 3506 Cum
693 3445 774 3504 enim
781 3457 942 3504 versuram
949 3443 1052 3504 iacere
1058 3442 1186 3518 publice

118 3520 124 3538 ‘
188 3539 320 3584 necesse
335 3534 420 3588 esset
439 3541 541 3602 neque
556 3528 624 3588 eius
646 3527 860 3589 condicionem
881 3542 1014 3603 aequam
1032 3526 1187 3586 haberent
