2534 4010
261 807 480 904 CORNELII
507 805 708 906 iniciis
730 807 870 904 LIBER

541 999 584 1053 nti

132 1140 410 1218 murmannus
430 1142 575 1214 nunnus
594 1146 808 1214 nxuamaun
830 1127 990 1215 carnuti

475 1395 629 1408 Ἠ

445 1571 684 1636 Pudentem:

44 1743 132 1870 Non
149 1795 256 1857 dubito
278 1796 345 1856 sore
366 1794 543 1872 plerosque,
566 1797 676 1872 Attice,
691 1797 752 1874 ‘qui
769 1797 829 1860 hoc
847 1815 944 1876 genus
961 1800 1061 1863 scri-l

43 1889 157 1958 pturae
170 1882 238 1939 leve
253 1887 283 1940 et
297 1895 359 1938 non
376 1880 451 1940 sotis
467 1879 594 1954 dignum
608 1895 797 1942 summorum
813 1884 949 1945 virorum
963 1899 1033 1959 per·
1066 1933 1070 1942 .

44 1965 135 2027 sonis
147 1963 291 2039 indicent,
308 1978 376 2023 cum
387 1964 516 2024 relatum
531 1965 642 2039 tegent,
658 1965 727 2041 quis
736 1965 884 2030 musicam
896 1967 1036 2030 docuerit

43 2046 294 2125 Epammondnm
316 2045 418 2107 autin
442 2047 510 2110 eius
530 2047 695 2110 virtutibus
719 2052 952 2114 commemorari
974 2055 1033 2113 sal·
1066 2129 1069 2132 Ι

44 2143 134 2194 tasse
150 2147 220 2191 enm
236 2130 397 2192 commode
418 2131 614 2209 scIenterque
626 2133 709 2194 tibiis
727 2141 880 2196 cantasse.
925 2135 989 2197 Sed
1003 2136 1063 2198 hii

43 2222 137 2276 erunt
148 2216 222 2290 iere,
235 2215 288 2292 qui
298 2221 442 2291 expertes
453 2217 619 2278 litterarum
627 2216 811 2278 Graecarum
825 2219 897 2279 nihil
907 2227 1033 2295 rectum,

45 2301 109 2361 nisi
132 2299 216 2375 qnod
233 2301 371 2376 ipsorum
394 2300 531 2360 moribus
554 2300 724 2374 conveniat,
746 2303 907 2376 putabunt.
951 2303 989 2362 Hi
1007 2303 1062 2364 sie
1115 2344 1118 2350 -

43 2383 210 2444 didicerint
224 2400 285 2444 non
302 2383 411 2444 endem
426 2383 567 2444 omnibns
584 2399 656 2446 esse
671 2383 802 2446 honesta
816 2393 908 2463 atque
922 2389 1031 2464 turpia,
1046 2381 1061 2404 “

45 2467 103 2528 sed
120 2466 224 2528 omnia
239 2468 388 2530 maiomm
403 2467 547 2528 institutis
562 2467 704 2543 indicari,
727 2485 789 2530 non
804 2470 1035 2533 admirabuntur

45 2569 105 2612 nos
119 2552 149 2610 iu
159 2551 319 2616 Graiorum
329 2550 492 2612 virtutibus
504 2551 697 2628 exponendis
710 2568 813 2614 mores
826 2571 932 2617 eornm
944 2571 1032 2618 secu·
1045 2564 1063 2618 4

47 2645 106 2697 tos.
119 2635 237 2711 'Neque
251 2635 331 2697 enim
346 2634 464 2697 Cimoni
479 2636 535 2696 init
550 2645 647 2712 turpe,
664 2635 896 2700 Atheniensium
912 2655 1032 2700 summo

46 2721 131 2794 viro,
153 2735 294 2782 sororem
308 2735 484 2794 germanam
499 2720 615 2780 habore
635 2721 664 2781 in
685 2721 893 2796 matrimonio,
917 2723 1033 2800 quippe

47 2819 118 2864 cum
134 2803 219 2863 cives
234 2805 301 2865 eins
316 2803 426 2864 codem
441 2809 598 2865 uterentur
614 2804 761 2867 instituto.
805 2808 846 2867 At
862 2807 894 2866 id
910 2807 1033 2883 quidem

48 2885 163 2948 nostris
178 2887 315 2949 moribus
333 2889 421 2948 nesus
436 2888 576 2949 habetur.
610 2889 707 2950 Laudi
722 2888 753 2949 in
769 2889 897 2950 Graecia
912 2891 1034 2954 ducitur

48 2970 290 3033 adulescentulis
313 2987 405 3045 qnam
421 2973 570 3046 plurimus
584 2971 733 3033 habuisse
748 2978 911 3036 amatores.
946 2975 1034 3038 Nullo

46 3053 273 3116 Lacedaemoni
287 3054 381 3115 vidua
393 3064 454 3115 tam
468 3063 517 3116 est
530 3055 652 3131 nobilis,
675 3072 755 3132 quae
769 3072 831 3119 non
846 3059 887 3119 ad
902 3073 1031 3122 coenum

46 3139 253 3200 eatmercede
269 3139 430 3200 conducta.
464 3139 584 3218 Magnis
600 3139 630 3200 in
646 3141 788 3203 laudibus
807 3149 871 3204 tota
892 3144 957 3204 iere
979 3146 1061 3208 iuit⁵

47 3223 177 3285 Graecia
191 3223 339 3286 victorem
347 3223 508 3302 olympiae
524 3224 625 3296 citnri3
641 3223 671 3286 in
684 3242 809 3288 scenam
819 3243 895 3290 vero
908 3227 1033 3304 prodire

47 3323 84 3367 ac
110 3309 227 3384 populo
249 3323 321 3370 esse
346 3311 524 3384 spectaculo
550 3309 663 3370 nemini
690 3311 721 3371 in
749 3310 867 3372 eisdem
891 3311 1032 3388 gentibus

49 3391 104 3450 init
131 3391 321 3468 turpitudini.
357 3393 441 3468 Quae
461 3392 563 3454 omnia
588 3394 671 3469 apud
692 3409 750 3454 nos
773 3395 882 3469 partim
900 3395 1032 3472 infamia,

50 3476 160 3550 purtim
187 3475 312 3537 humilio
344 3483 436 3553 atque
463 3477 502 3538 ab
526 3477 687 3540 honestate
717 3485 835 3547 remota
866 3485 1030 3554 ponuntur.

48 3559 161 3620 Contra
181 3575 219 3620 ea
245 3563 392 3638 pleraque
411 3563 526 3624 nostrIs
547 3561 683 3622 moribus
701 3569 773 3623 sunt
793 3562 921 3706 decfra,
952 3570 1066 3638 quaed

90 3659 177 3703 coau.
192 3659 257 3705 nar.
680 3661 684 3670 ⁴
