2534 4010
209 271 250 334 aa
455 277 521 336 vn.
542 275 839 356 leomianus
860 283 947 340 ero.

207 432 330 502 temam
343 427 388 487 rei
401 429 556 504 gerendm
570 441 632 488 non
647 427 763 488 dimisit
776 441 879 504 eoque
892 427 1010 502 lmpeu
1024 428 1140 488 bollum
1154 436 1200 489 tn·

208 517 271 570 tum
286 509 410 573 duent.
814 537 821 552 ·
952 520 956 534 '

99 631 103 639 -
169 589 208 648 tx
291 596 334 654 At
346 596 523 656 Alcibiades
540 596 629 656 victis
644 595 884 656 Atheniensibus
899 613 963 658 nan
978 595 1053 658 saa‘s
1066 601 1134 656 tuta
1148 612 1193 656 ea·

208 680 278 739 dem
293 679 361 740 loca
375 679 434 738 sibi
448 680 599 740 arbitram
615 681 738 755 pertitus
751 681 782 739 in
792 679 951 742 Threciam
966 696 1002 742 se
1015 695 1118 756 supra
1124 680 1197 741 Pro·

208 763 366 838 pontidem
395 763 512 823 abdidit
540 779 670 839 sperans
696 763 737 822 ibi
762 765 905 824 lacillime
928 777 1019 826 suum
1044 766 1198 825 lemanem

179 847 307 906 toccali
327 861 433 922 posse.
465 847 568 908 Falso.
600 848 677 906 Nam
690 846 839 921 Threces,
852 854 1025 926 ,nunquan
1041 861 1111 908 eum
1126 865 1198 909 cum

206 945 320 1006 magna
334 932 466 1008 pecunia
477 932 605 992 uenisse
619 938 797 1006 senserunt,
818 932 947 992 insidias
960 933 1110 993 lecerunt
1140 933 1198 1005 Qui

207 1029 247 1076 ea
262 1029 342 1090 quae
356 1023 533 1092 apportarat
546 1016 752 1090 abstulemnt,
767 1017 869 1092 ipsum
884 1031 997 1092 canem
1010 1033 1073 1076 non
1089 1024 1198 1091 patue-

179 1107 286 1161 3runt.
317 1101 371 1160 illc
396 1115 526 1161 cernens
551 1102 667 1162 nullum
691 1102 794 1170 lacurn
818 1100 877 1160 sibi
897 1107 994 1162 mlum
1015 1101 1047 1160 in
1067 1101 1199 1160 Graecia

208 1191 335 1260 proper
355 1186 521 1260 potentiam
535 1183 848 1245 Lacedaemoniorum
865 1185 906 1244 ad
919 1181 1154 1246 Pharnabazum
1168 1184 1196 1244 in

208 1269 315 1330 Asiam
330 1271 456 1332 nunsiit.
485 1271 580 1346 Quem
596 1271 720 1347 quidem
735 1270 814 1331 adeo
830 1285 888 1332 sua
902 1271 985 1346 oepit
998 1271 1197 1346 humanitate,

209 1361 242 1413 ut
257 1369 326 1413 eum
340 1371 429 1416 nemo
445 1356 475 1416 in
488 1355 619 1416 amicitia
631 1355 836 1416 antecederet
856 1353 995 1431 Namque
1006 1355 1035 1414 ei
1048 1357 1198 1434 Grynium

209 1439 336 1499 dederat
352 1440 381 1498 in
397 1439 531 1518 Phrygia
545 1447 694 1512 castrrun,
716 1451 755 1498 ex
772 1455 835 1516 quo
851 1440 1070 1515 quinquagena
1083 1441 1199 1499 talenta

181 1521 367 1602 4vectigalis
383 1523 532 1598 capiebat.
556 1524 621 1597 Qua
636 1525 757 1583 lonuna
771 1523 948 1583 Alcibiades
963 1537 1025 1584 nan
1043 1531 1111 1584 erat
1125 1539 1198 1584 con·

207 1613 309 1667 lentus
331 1621 432 1682 neque
446 1607 583 1667 Athenas
598 1608 696 1667 victas
709 1606 962 1667 Lacedaemoniis
977 1608 1097 1666 seruire
1111 1615 1196 1682 pute·

59 1759 68 1764 ,
209 1697 255 1752 rat
279 1691 352 1766 pati.
384 1693 490 1767 ltaque
515 1691 555 1750 ad
577 1691 703 1765 patriam
730 1690 919 1751 liberandam
941 1691 1023 1752 omni
1043 1691 1198 1752 terebatur

181 1776 401 1850 5cagitntione.
436 1775 498 1836 Sed
522 1775 647 1834 videbat
667 1775 697 1833 id
719 1774 786 1834 sine
806 1789 880 1849 rege
900 1774 996 1836 Perse
1014 1788 1077 1835 nan
1102 1791 1199 1850 posse

208 1860 290 1934 lieri,
311 1861 445 1936 ideoque
466 1875 536 1920 eum
551 1859 681 1918 amicum
700 1857 759 1918 sibi
775 1857 918 1933 cupiebat
931 1859 1071 1933 adiungi,
1094 1873 1199 1935 raeque

96 2007 99 2016 ,
208 1943 367 2003 dubitabat
392 1944 480 2003 lacile
501 1957 536 2002 se
557 1949 808 2015 consecuturum,
833 1943 974 2003 simodo
996 1944 1063 2003 eius
1083 1957 1200 2004 conve-

206 2025 313 2087 niundi
329 2026 495 2086 -habuisset
513 2032 704 2100 potestatem.
731 2025 806 2085 Nam
822 2027 936 2104 cyrum
951 2029 1075 2087 lintrem
1090 2028 1120 2086 ei
1134 2028 1198 2088 bel-

209 2112 271 2170 lum
293 2112 371 2170 clam
389 2125 500 2186 parare
513 2109 766 2170 Lacedaemoniis
782 2110 998 2172 adiuvantibus
1014 2111 1141 2172 sciebat.
1165 2109 1197 2170 ld

209 2196 236 2254 si
251 2189 435 2270 aperuisset,
449 2207 591 2269 magnam
607 2209 644 2252 se
656 2192 799 2254 initurum
813 2195 942 2269 gratiam
954 2195 1106 2256 videbat*

176 2279 204 2342 X
287 2280 354 2341 lieo
376 2295 445 2338 cum
467 2278 624 2338 moliretur
643 2283 824 2353 peteretque
845 2277 1079 2339 aPharnabazo
1099 2283 1135 2339 ut
1159 2280 1201 2338 ad

207 2375 312 2437 regem
326 2363 503 2434 mitteretur,
516 2360 626 2422 eodem
636 2369 776 2436 tempore
787 2362 895 2423 (tritius
907 2365 1065 2438 ceterique
1074 2363 1200 2438 tyranni

208 2446 442 2506 Atheniensium
467 2451 569 2505 certes
593 2443 735 2505 homines
761 2447 801 2505 ad
821 2447 1017 2524 Lysandrum
1038 2447 1068 2505 in
1090 2447 1200 2507 Asiam
1263 2483 1264 2508 r

208 2529 363 2604 miserant,
379 2530 513 2605 quicum
525 2529 685 2589 certiorem
698 2529 841 2602 lacerent,
854 2530 913 2590 nisi
924 2530 1118 2590 Alcibiadem
1128 2545 1200 2590 eus-

207 2613 343 2688 tulisset,
358 2613 432 2673 nihil
447 2627 552 2673 earum
566 2627 667 2672 reram
682 2613 750 2673 iore
760 2615 874 2687 ratuni,
891 2629 969 2690 quas
984 2613 1053 2690 ipse
1067 2613 1200 2674 Athenis

209 2698 435 2787 constituissem
464 2711 575 2772 quare,
601 2697 628 2757 si
649 2710 724 2757 suas
748 2712 799 2757 res
819 2704 926 2772 gestae
951 2712 1077 2757 manere
1095 2699 1200 2770 vellet,

178 2781 291 2842 nillum
316 2788 562 2857 persequeretur.
598 2779 654 2840 llis
675 2780 759 2840 Laco
780 2781 876 2840 rebus
901 2785 1074 2842 commotus
1095 2783 1202 2842 statuit

207 2866 381 2927 accuratius
408 2865 466 2926 sibi
491 2865 645 2939 agendum
671 2877 740 2924 curn
764 2863 975 2926 Pharnabazo.
1008 2863 1200 2925 Societatem

206 2948 279 3010 buia
300 2963 374 3024 ergo
389 2949 556 3021 renuntiat,
577 2963 658 3022 quae
671 2947 737 3022 regi
753 2963 822 3008 cum
835 2943 1090 3010 Lacedaemoniis
1104 2955 1198 3022 esset,
1261 2971 1262 2982 ¹

178 3033 267 3098 enisi
282 3031 474 3093 Alcibiadem
487 3032 591 3092 mutan
606 3038 658 3091 aut
669 3039 824 3092 montrum
839 3031 899 3092 sibi
912 3031 1101 3093 tradidisset
1130 3032 1199 3092 tion

206 3118 275 3178 tulit
288 3116 370 3177 hunc
385 3123 525 3190 satrapes
541 3121 571 3174 et
586 3115 701 3176 violare
715 3115 907 3176 donantium
919 3131 1011 3190 quam
1023 3115 1107 3190 regis
1120 3129 1199 3190 opes

206 3201 301 3262 nanta
316 3199 429 3260 matuta
451 3199 557 3274 ltaque
571 3199 654 3259 misit
665 3197 872 3260 Susametrem
886 3201 1082 3274 etBagaeum
1093 3199 1135 3258 ad
1146 3200 1199 3258 Al

207 3285 358 3346 oibtadem
371 3281 624 3356 interficiendam,
643 3297 712 3342 cum
727 3281 778 3342 ille
791 3289 876 3344 esset
888 3283 919 3342 ln
930 3282 1065 3364 Phrygia
1077 3283 1201 3357 iterque

178 3369 249 3429 tad
268 3383 373 3442 regem
394 3372 596 3441 comparamt.
630 3363 718 3426 llissi
733 3367 811 3426 clem
826 3367 988 3440 cambati,
1010 3367 1121 3440 in-qua
1135 3373 1199 3426 tum

207 3451 387 3512 Alcibiades
408 3457 490 3525 erat,
514 3450 588 3509 dant
607 3450 764 3524 negotium
783 3457 817 3512 ut
830 3465 907 3524 ‚eum
929 3449 1121 3512 interficiam.
1155 3449 1199 3510 llll

207 3549 278 3595 oum
300 3537 383 3598 lerro
398 3533 524 3611 meandi
539 3545 602 3594 non
617 3533 780 3608 auderent,
800 3520 894 3594 noc'tu
908 3533 991 3608 ligna
1004 3533 1200 3616 eennateruut
1258 3541 1260 3680 1
