2556 3994
355 236 449 298 XXV.
470 237 681 310 articus.
703 245 728 300 6.
745 245 771 302 t.
786 248 813 302 a.
1037 237 1079 302 tid

90 401 308 462 quernanceps
319 389 488 450 iactuscst
503 389 771 466 Nemineurneqae
782 390 1078 464 suononrineneque
1099 457 1100 460 Ἴ

90 470 292 530 subscribens
322 471 488 532 adarmavit.
531 473 565 532 In
586 473 634 532 ius
656 475 695 534 dc
717 490 773 536 sua
794 489 828 534 re
849 489 1015 547 numquam
1035 473 1108 534 att

90 554 240 614 Iudicium
267 556 382 615 nudum
410 556 524 616 habuit.
566 555 730 618 Muttorum
763 559 925 618 consutum
956 563 1078 632 praeto·

89 653 222 712 rumque
241 639 453 713 praefecturas
474 640 592 707 delatas
615 640 661 700 sic
683 643 803 716 accepit
822 648 856 701 ut
874 641 1026 700 neminem
1047 642 1079 700 in

90 721 283 796 provinciam
296 722 336 780 sit
351 730 492 796 secutus,
507 722 626 784 honore
638 726 733 785 tuerit
747 731 919 798 contentus,
934 725 978 784 rei
993 725 1078 784 fauri-

88 805 174 864 tiaris
190 804 368 878 despexerit
382 807 523 866 fructum.
545 806 601 880 Qui
617 823 656 867 ne
666 824 736 869 oum
749 807 782 882 Q.
796 809 920 884 quidem
933 807 1080 868 Cicerone

88 888 220 949 voluerit
240 890 284 947 ire
305 889 335 948 in
351 890 473 963 Asiam,
495 907 563 950 cum
586 893 669 966 apud
690 909 759 952 cunr
779 893 870 966 iegati
884 893 985 952 iocum
1002 891 1078 953 obti-

90 987 164 1032 nere
178 979 297 1046 posset.
321 973 388 1034 Non
402 975 490 1034 enim
501 975 613 1036 decere
628 990 663 1034 se
680 977 890 1046 arbitrabatur,
906 991 975 1034 cum
992 985 1108 1049 praes
1148 1037 1150 1042 ,

89 1064 188 1116 turam
210 1071 318 1132 gerere
333 1058 497 1132 noluisset,
519 1060 670 1119 asseclam
686 1073 758 1119 csse
773 1059 933 1134 praetoris.
968 1059 1033 1132 Qua
1048 1059 1076 1118 in

89 1155 122 1198 re
144 1155 207 1199 non
229 1141 328 1202 sutton
350 1141 485 1216 dignitati
508 1143 662 1204 serviebat
682 1143 844 1204 sedetiam
859 1142 1077 1216 tranquillitati,

89 1239 159 1282 cum
184 1225 380 1298 suspiciones
397 1241 521 1301 quoque
534 1227 645 1286 vitaret
658 1227 825 1288 criminum.
860 1227 925 1301 Quo
940 1226 1033 1286 tiebat
1047 1234 1079 1285 ut

88 1309 158 1367 eius
178 1307 375 1368 observantia
397 1311 538 1369 omnibus
560 1317 645 1370 esset
665 1311 779 1385 carior,
803 1327 872 1372 cum
893 1311 960 1371 eam
975 1309 1077 1414 uiticio

91 1407 151 1450 uon
169 1392 269 1453 timori
286 1407 389 1466 neque
404 1395 473 1467 spei
488 1394 578 1454 tribui
593 1394 742 1454 viderent.

172 1475 282 1536 incidit
297 1475 514 1539 Caesarianum
530 1477 618 1537 civile
633 1477 754 1550 betium,
775 1493 842 1538 cunr
858 1477 983 1538 haberet
999 1491 1052 1534 an-
1062 1473 1119 1533 Vll

89 1574 147 1618 nos
170 1559 290 1620 circiter
311 1561 481 1634 sexaginta.
514 1561 598 1622 Usus
614 1569 662 1622 cst
677 1561 784 1622 aetatis
801 1561 962 1622 vacatione
976 1575 1078 1634 neque

88 1659 123 1702 se
140 1659 298 1718 <tuaquom
320 1645 426 1720 morit·
438 1661 477 1706 ex
492 1645 577 1706 urbe.
615 1645 698 1719 Quae
714 1647 820 1705 amicis
835 1645 899 1706 suis
916 1659 997 1719 opus
1012 1644 1076 1702 sue·

11 1779 13 1792 ,
86 1732 157 1786 rant
171 1727 210 1785 ad
222 1727 402 1802 Pompeium
418 1723 688 1803 proficiscentibus
702 1730 805 1790 onmia
818 1745 858 1789 ex
873 1743 931 1788 sua
944 1743 978 1786 re
992 1725 1077 1786 iami-
1129 1747 1132 1754 ¹

89 1811 155 1869 iiari
178 1810 273 1870 dedit.
309 1813 414 1886 Ipsum
436 1813 614 1886 Pompeium
635 1815 831 1874 coniunctum
854 1828 914 1872 non
939 1810 1107 1872 attendite

86 1894 209 1954 Nullum
223 1895 263 1953 ab
278 1909 315 1954 ee
332 1895 465 1956 habebat
480 1911 625 1956 ornamen
662 1913 700 1969 m,
717 1903 751 1956 ut
765 1895 857 1962 ceteri
873 1895 926 1970 qui
940 1911 996 1970 per
1008 1909 1076 1956 eum

88 1983 140 2038 aut
154 1977 289 2038 honores
304 1987 358 2040 aut
372 1979 494 2040 divitias
510 1995 622 2056 oepera
657 2027 663 2038 .
688 1979 828 2054 Quorum
838 1980 945 2054 partim
961 1978 1077 2039 invitis·

88 2061 156 2120 simi
182 2069 284 2122 castra
309 2071 380 2124 sunt
401 2065 499 2126 secuti
522 2064 633 2139 partim
654 2081 774 2126 summa
795 2077 864 2124 cum
887 2064 953 2124 eius
980 2061 1076 2123 otien-

89 2144 177 2206 sione
203 2145 285 2206 demi
310 2149 532 2209 remanserunt.
562 2149 660 2211 Attici
673 2157 778 2210 autem
804 2147 891 2222 quies
916 2149 1107 2219 untoperos

88 2230 213 2288 Caesari
229 2231 284 2290 tuit
298 2230 385 2305 grata
398 2240 431 2290 ut
443 2233 549 2306 victor,
565 2247 633 2292 euru
646 2233 774 2306 privatis
785 2229 1003 2305 pecuniasper-
1012 2229 1075 2302 epi-

88 2315 184 2374 stolas
200 2314 379 2388 imperaret,
398 2315 468 2376 huic
483 2332 545 2376 non
561 2317 661 2376 seium
675 2317 824 2380 nrolestus
840 2328 901 2373 non
917 2311 1076 2373 tuerit'sed

88 2398 178 2458 ctiam
200 2399 319 2460 sororis
341 2400 434 2460 titium
460 2407 491 2460 et
506 2399 539 2473 Q.
556 2398 734 2458 Ciceronem
756 2413 795 2458 ex
809 2397 946 2472 Pompeii
967 2396 1076 2456 castris

89 2481 288 2542 concesserit.
325 2482 376 2544 Sic
400 2491 505 2544 vetere
530 2484 666 2551 instituto
688 2485 769 2544 vitae
791 2481 898 2556 cffugit
920 2497 1001 2542 nova
1022 2497 1075 2556 pe-

87 2564 193 2624 ricula.

172 2647 316 2710 Secutum
332 2645 470 2712 'est-iliud
486 2652 591 2714 occiso
604 2652 745 2723 Caesare,
761 2667 830 2711 curn
844 2663 895 2708 res
910 2646 1035 2721 publica
1048 2649 1119 2713 Vili
1139 2635 1147 2652 '

11 2735 12 2814 ξ
88 2733 469 2806 pcnesBrutosvideretur
481 2751 553 2796 csse
565 2735 788 2796 etCussiunrao
800 2738 864 2794 tota
876 2730 981 2791 civitas
995 2733 1077 2792 seed

11 2817 12 2838 ³
88 2819 347 2878 eoscouvcrtisse
358 2819 521 2880 videretur.
539 2819 636 2879 stom.
643 2820 739 2880 Bruto
753 2833 829 2878 usus
842 2823 889 2876 est
899 2823 931 2876 ut
939 2816 1021 2875 nullo
1029 2814 1108 2878 ittea

11 2953 12 2970 ,
87 2901 273 2961 adulescens
295 2903 417 2998 aequati
439 2902 616 2964 familiarius
640 2902 806 2976 qrranrhoc
821 2914 1011 2974 seuereque
1026 2915 1077 2958 so·
1153 2970 1155 2976 ‚

11 2993 12 3026 t
88 2985 149 3044 tum
176 2999 245 3044 eum
273 2985 444 3060 principem
470 2987 591 3049 consilii
617 2985 744 3046 haberet
764 2984 821 3046 sed
840 2983 932 3044 ctiam
953 2984 984 3046 in
1005 2999 1077 3044 eun-

11 3083 12 3136 j
89 3068 180 3129 victu
216 3067 433 3144 Excogitatum
455 3078 503 3131 cst
524 3087 543 3130 a
563 3059 748 3133 auibusdam
770 3076 802 3130 ut
823 3067 973 3144 privatum
994 3081 1076 3127 aera·
1089 3071 1108 3126 3

11 3145 12 3166 *
86 3153 165 3212 rium
182 3151 323 3214 Caesaris
345 3154 592 3214 intertectoribus
616 3153 654 3214 at
670 3152 824 3228 equitibus
839 3152 986 3214 Romanis
1004 3165 1076 3219 corr·

40 3231 45 3240 '
86 3240 273 3296 stitueretur.
306 3237 340 3298 id
366 3237 455 3298 tacite
481 3238 562 3298 citici
588 3251 684 3312 posse
707 3235 841 3298 arbitrati
863 3243 949 3309 sunt,
975 3233 1001 3294 si
1025 3238 1076 3307 [et]

84 3319 246 3396 principes
269 3321 337 3382 eius
359 3322 477 3382 ordinis
499 3323 649 3396 pecunias
665 3320 875 3382 contraissent.
903 3320 1010 3394 itaquo
1024 3335 1078 3392 ap-

84 3404 219 3480 peilatus
235 3412 284 3464 est
298 3422 316 3464 a
329 3405 362 3464 G.
375 3405 490 3468 Flavio.
504 3405 590 3466 Bruti
605 3405 754 3468 familiari.
768 3405 888 3466 Atticus
905 3409 939 3466 ut
953 3401 1019 3462 etus
1034 3401 1078 3460 rei

82 3488 233 3568 princeps
249 3503 322 3550 csse
338 3491 437 3552 vette't.
460 3497 502 3550 At
515 3489 576 3566 itte,
593 3490 645 3566 qui
661 3490 765 3555 efficia
776 3491 882 3550 amicis
895 3484 1109 3564 praestandae
