2556 3994
377 267 473 338 XXV.
500 265 713 328 auricus.
734 273 761 328 2
775 273 803 328 ιι
817 272 844 327 4
1064 261 1107 330 93

116 376 1106 501 semperseinterposuitatqueitautnequeusuraminiquamab
1176 467 1178 474 ,

115 507 154 567 iis
165 506 321 582 acceperit
332 521 434 580 nequo
446 505 570 580 longius
583 519 674 579 quam
687 502 801 562 dictrun
812 507 897 561 esset
908 500 1022 560 debere
1033 515 1107 575 pas-

115 605 173 652 sus
188 590 238 650 sit
252 589 341 664 Quod
351 597 514 662 utrumque
524 587 608 647 erat
600 603 638 646 us
650 587 793 648 satutare
808 585 884 644 Nam
896 598 998 658 neque
1009 583 1107 644 rndul
1119 588 1138 642 a

116 673 221 749 gendo
236 675 463 734 inveterascere
478 685 585 732 eorum
600 686 654 730 aes
671 670 802 733 alienum
816 668 990 744 patiebatur
1004 681 1107 742 neque

114 757 355 832 multiplicandis
379 755 484 816 usuris
510 769 662 816 crescere.
696 753 792 814 Auxit
811 751 872 812 hoe
893 751 1029 812 officium
1049 750 1138 814 aliod

116 857 246 917 quoque
259 840 449 902 liberalitate
476 837 553 898 Nam
566 837 732 898 universos
747 827 900 898 frumento
915 834 1050 910 donavit,
1066 834 1109 894 ita

115 931 150 986 ut
165 926 295 1000 siugulis
310 930 430 999 septem
443 922 539 984 modii
553 921 642 981 tritici
654 922 809 1000 darentur.
833 919 900 993 Qui·
893 919 1012 980 ·modus
1023 933 1108 979 men-

117 1025 211 1069 surae
224 1009 396 1068 medimnus
410 1004 540 1066 Athenis
556 993 737 1080 appellatur.

201 1093 260 1153 llic
281 1098 382 1153 autem
403 1086 501 1151 sic'se
515 1090 642 1164 gerebat
656 1095 690 1150 ut
704 1087 875 1148 eommunis
891 1085 1019 1160 infimis,
1042 1101 1098 1162 par
1110 1086 1151 1146 ιιι

116 1174 310 1250 principibus
330 1174 495 1235 videretur.
524 1172 590 1246 Quo
612 1175 725 1234 lactum
739 1177 789 1232 est
802 1179 836 1238 ut
850 1171 922 1232 huic
937 1169 1036 1230 omnis
1051 1169 1108 1231 ho·

116 1275 212 1320 nores
239 1275 320 1333 quos
346 1264 478 1332 possent
500 1257 624 1332 publice
648 1255 797 1318 haberent
822 1257 982 1332 civemque
1007 1253 1109 1314 iacere

2 1335 3 1346 ’
116 1344 286 1404 studerent
323 1342 390 1416 Quo
404 1341 556 1402 beneficio
572 1340 632 1400 ille
639 1339 683 1399 uti
698 1342 805 1414 noluit,
817 1340 902 1416 quod
917 1337 1054 1400 nonnulli
1068 1337 1110 1398 ita

117 1427 355 1502 interpretantru
366 1425 460 1486 amitti
471 1423 800 1486 crmtatemRomanam
808 1423 867 1484 alra
878 1424 983 1483 asarta
1000 1420 1109 1497 Quam·
1121 1429 1139 1484 2

117 1511 172 1572 diu
197 1510 286 1571 affuit
308 1526 349 1570 ne
370 1525 433 1585 qua
456 1508 515 1568 sibi
536 1513 637 1568 statua
657 1514 825 1604 poneretur
845 1507 968 1579 restitit,
995 1505 1109 1568 absens

117 1594 286 1670 prohibere
305 1609 367 1654 non
388 1593 496 1668 potuit
526 1593 633 1668 ltaque
653 1591 793 1690 aliquot·
785 1591 846 1668 rpsi
862 1598 893 1651 et
904 1590 1017 1650 Midiae
1032 1586 1108 1649 locis

116 1678 321 1739 sanctissimis
337 1684 517 1754 posuerunt.
550 1677 639 1736 Hunc
654 1677 733 1738 enim
749 1676 781 1738 in
795 1674 879 1738 omrri
892 1673 1110 1751 procuratione

2 1787 5 1802 >
118 1763 164 1821 rei
187 1762 330 1837 publicae
350 1768 485 1823 actorem
508 1765 725 1836 auctoremque
746 1759 910 1822 habebant
941 1757 1036 1832 Igitur
1050 1757 1111 1832 pri·
1122 1762 1141 1818 3

118 1861 201 1906 nrum
223 1847 296 1906 illud
318 1862 430 1908 munus
452 1847 593 1906 fortunae
615 1844 730 1920 quod
722 1861 753 1904 ιιι
768 1859 806 1904 ea
825 1841 1020 1919 potissimum
1034 1840 1110 1900 urbe

2 1981 3 1984 ,
73 2002 78 2008 ,
107 1937 210 1990 uatus
228 1936 276 1990 est
290 1931 321 1990 in
336 1947 399 2005 qua
413 1927 602 1990 domicilium
616 1928 700 1988 orbis
715 1934 865 1988 terrarum
880 1932 964 1986 esset
978 1925 1107 2000 imperii,

118 2020 153 2074 ut
166 2015 297 2074 eandem
312 2021 342 2074 et
356 2013 487 2090 patriam
502 2012 631 2074 haberet
644 2019 675 2073 et
689 2013 830 2086 domurn,
874 2011 935 2074 hoc
950 2011 1109 2086 specimen
1128 2039 1129 2044 κ

118 2098 300 2173 prudentiae
328 2099 427 2172 quod,
457 2113 528 2158 eum
551 2097 582 2156 in
607 2111 675 2158 eam
697 2113 733 2158 se
754 2097 908 2157 civitatem
929 2094 1111 2156 contulisset

119 2196 201 2256 quae
213 2181 595 2256 antiquitate‚humanitate
607 2180 811 2256 doctrinaque
821 2176 1110 2255 praestaretornnis,

117 2281 199 2325 unus
214 2264 243 2324 ei
258 2265 314 2325 luit
328 2265 517 2326 carissimus.

201 2348 269 2408 Huc
283 2363 322 2408 ex
337 2349 414 2411 Asia
428 2346 515 2408 Sulla
528 2347 685 2408 decedens
702 2362 771 2406 curn
785 2345 932 2419 venisset,
952 2343 1100 2420 quamdiu
1110 2340 1154 2399 lv

118 2429 162 2493 ibi
182 2431 239 2492 iuit
259 2447 365 2494 secum
385 2431 492 2492 habuit
504 2431 708 2506 Pomponium
728 2434 837 2505 captus
856 2427 1066 2490 adulescentis
1081 2433 1128 2494 etx

118 2515 305 2576 humanitate
330 2523 360 2578 et
380 2516 528 2578 doctrina.
562 2512 615 2574 Sia
635 2515 715 2576 eninr
737 2515 854 2577 Graece
873 2514 1059 2591 loquebatur
1079 2519 1113 2572 ut

118 2599 249 2662 Athenis
270 2607 360 2662 natus
380 2600 545 2661 videretur.
581 2599 678 2660 Tanta
698 2606 799 2660 autern
814 2599 951 2658 suavitas
968 2603 1034 2656 erat
1047 2611 1111 2656 ser-

118 2684 219 2744 monis
230 2683 329 2744 Latini
341 2691 374 2745 ut
384 2689 550 2760 appareret
559 2681 590 2742 in
602 2699 640 2744 eo
655 2683 790 2743 nativum
806 2682 960 2756 quendam
974 2681 1112 2754 leporem

119 2782 201 2842 esse,
216 2783 279 2829 non
294 2768 433 2829 ascitum
455 2768 541 2828 Idem
555 2769 701 2842 poemata
714 2764 933 2840 pronuntiabat
947 2768 978 2823 et
994 2763 1111 2822 Graece

35 2859 38 2866 ·
120 2858 152 2910 et
171 2851 278 2913 Latine
299 2853 345 2912 sic
366 2860 400 2912 ut
420 2866 517 2925 supra
537 2850 610 2910 nihil
632 2857 741 2925 posset
761 2847 843 2909 addi.
881 2847 997 2922 Quibus
1018 2846 1142 2908 rebusa

121 2935 232 2996 laetum
253 2943 302 2996 est
322 2941 355 2996 ιιι
369 2935 455 2995 Sulla
469 2949 624 3018 nusquam
640 2934 679 2994 ab
693 2947 729 2997 se
744 2933 908 2992 dimitteret
922 2937 1113 3006 cuperetque

121 3034 228 3078 secum
244 3019 407 3080 deducere.
433 3017 571 3091 Quicum
574 2997 776 3091 persuadere
787 3022 958 3092 temptaret,
973 3016 1049 3088 Noli,
1060 3030 1114 3076 oro

120 3112 163 3176 te,
184 3101 284 3176 inquit
299 3101 487 3177 Pomponius
508 3101 667 3162 adversum
686 3116 802 3160 rosnae
822 3104 895 3162 celte
915 3101 1025 3160 ducere
1045 3113 1114 3158 eum

120 3187 227 3260 quidm
241 3203 280 3246 ne
296 3193 402 3248 contra
419 3192 447 3246 te
463 3202 551 3246 orma
565 3185 682 3258 ferrem
697 3184 821 3246 Italiam
831 3187 952 3260 reliqui.
973 3183 1015 3240 At
1029 3181 1113 3242 Sulla

121 3268 330 3330 adulescentis
361 3269 465 3330 officio
495 3268 669 3330 collaudato
695 3268 798 3328 omnia
822 3283 951 3327 munera
976 3265 1005 3324 ei
1034 3281 1123 3338 quae

121 3351 251 3412 Athenis
267 3359 431 3428 acceperat
445 3352 648 3428 proficiscens
660 3351 750 3412 iussit
762 3351 884 3411 deferri.
907 3351 964 3410 llic
976 3350 1142 3424 complu-3

122 3435 166 3496 ris
183 3452 281 3496 annos
296 3445 442 3510 moratus,
459 3452 528 3496 cum
543 3442 574 3495 et
587 3435 631 3496 rei
646 3435 785 3495 familiari
798 3442 914 3495 tantum
930 3449 1044 3509 operae
1059 3433 1112 3493 da·

122 3527 170 3579 ret
185 3526 332 3596 quantum
345 3537 407 3582 non
423 3519 585 3592 indiligens
601 3520 727 3580 deberet
739 3519 957 3596 paterfamilias
970 3523 1000 3578 et
1012 3517 1115 3578 omnia
