2556 3994
203 237 244 300 58
262 240 327 301 XV.
342 238 627 300 EPAMlNONDAS.
648 249 689 302 lo.
705 271 748 286 -·
760 241 839 302 XVI.
852 239 1075 303 Paeonibus.
1092 254 1117 306 1.

199 389 331 452 habebat
350 391 501 465 inluuiem,
523 391 664 465 maleque
678 406 747 450 eum
766 392 797 451 ia
819 406 856 452 eo
878 392 994 468 patriae
1014 397 1180 456 consulere

171 472 322 547 ²diceret
357 475 429 535 Vide
446 474 543 547 inquit
556 492 593 535 ae
608 482 640 534 ta
651 477 740 550 peius
755 478 901 549 consutas,
921 479 974 550 qai
989 479 1077 537 talem
1093 496 1135 538 cx
1151 487 1180 541 te

198 565 299 618 autam
315 559 474 618 retecturus
493 560 542 617 sis.
571 558 672 632 Nepae
687 573 757 620 acro
773 561 864 636 stirps
879 565 973 634 potest
982 561 1057 622 mibi
1065 561 1178 624 deesse.

197 641 332 716 Namque
347 656 388 700 cx
403 657 449 700 me
461 646 564 700 natam
580 643 718 716 relinquo
731 657 868 716 paphum
884 642 1079 724 Leuctricam,
1098 662 1178 719 qaae

197 741 254 784 aon
265 723 351 783 modo
360 724 435 784 mibi
442 733 589 799 superstes
599 726 654 784 sed
662 728 751 785 etiam
762 727 934 785 immortalia
950 727 988 786 sit
997 743 1112 788 accessa
1121 739 1177 790 eat.

168 805 262 880 douo
279 813 414 881 tempore
432 806 510 865 duce
519 805 668 881 Pelopida
684 809 791 867 exules
804 807 923 866 Thebas
941 819 1129 884 occuparunt
1146 819 1179 872 ct

195 888 381 966 praesidium
393 889 702 951 Lacedaemoniorum
716 905 756 950 ex
767 906 838 950 arce
848 891 1039 968 expulerunt,
1053 892 1177 968 Epami-

195 973 313 1032 nondns
323 972 467 1046 quamdin
476 973 554 1032 lacta
561 980 607 1032 est
615 973 727 1035 caedes
735 973 845 1033 civium
854 974 937 1034 domi
944 989 978 1039 se
988 975 1079 1036 tenuit
1091 979 1178 1052 quod

195 1057 407 1133 neque-malos
424 1056 588 1115 defendere
603 1057 725 1116 volebat
740 1069 839 1130 neque
854 1057 1042 1133 impugnare,
1057 1073 1096 1119 ne
1110 1077 1187 1120 ma.

195 1155 251 1200 nus
263 1155 389 1198 suorum
398 1139 545 1214 sanguine
557 1145 776 1213 cruentaret-
784 1156 1045 1216 naarqucomnem
1053 1142 1176 1204 civilem
1275 1171 1276 1202 r

195 1222 352 1281 victoriam
364 1223 512 1282 funestam
525 1222 650 1297 putabat
659 1255 702 1268 -
718 1225 807 1298 idem,
826 1231 990 1300 postquam
1001 1226 1083 1299 apud
1096 1226 1175 1286 Cad—
1275 1225 1276 1266 ³

193 1307 284 1365 nariam
299 1321 367 1365 oum
382 1305 631 1366 Lacedaemoniis
652 1323 757 1383 pugna
778 1308 888 1382 coepit,
910 1309 940 1366 in
957 1306 1060 1382 primis
1077 1310 1170 1370 stetit
1275 1335 1276 1338 ¹

165 1389 289 1449 lHnius
305 1389 344 1448 de
359 1388 519 1450 virtutibus
537 1390 658 1466 vitaque
673 1392 747 1451 satis
762 1391 818 1450 erit
832 1390 954 1464 dicturi,
970 1392 997 1450 si
1008 1389 1067 1450 hoc
1081 1409 1174 1452 unum
1275 1395 1276 1446 3

193 1472 361 1532 adiunxero
384 1473 467 1546 quod
489 1489 578 1535 nenio
600 1473 621 1532 it
636 1475 762 1547 infitias,
784 1473 904 1534 Tbebas
919 1481 949 1532 ct
967 1473 1172 1549 anteEpami-

193 1556 325 1615 nondam
342 1561 443 1614 natum
458 1563 574 1633 etpost
588 1557 724 1618 eiusdem
741 1557 891 1618 interitum
903 1563 1052 1632 perpetuo
1068 1557 1172 1618 alieno
1275 1575 1276 1580 ¹

191 1640 333 1715 paruisse
347 1637 485 1713 imperio,
504 1647 609 1699 contra
629 1657 680 1712 ea,
703 1639 848 1714 quamdiu
868 1640 919 1698 ille
942 1640 1106 1715 praetuerit
1126 1642 1171 1702 rei

191 1722 331 1798 publicae
353 1729 444 1798 caput
465 1723 561 1783 luisse
585 1725 677 1785 totius
699 1725 853 1784 Graeciae.
887 1723 933 1782 Ex
955 1738 1016 1798 quo
1037 1723 1172 1799 intellegi

193 1813 294 1880 potest
306 1822 398 1868 unum
411 1807 563 1895 hominem
577 1807 672 1882 pluris
689 1823 779 1884 quam
795 1805 946 1868 civitatem
960 1807 1065 1866 luisse.

558 1969 560 1973 ·
607 1966 761 1978 unu—-

409 2106 510 2212 XVl‘.
542 2115 936 2214 Puluillus

162 2286 375 2396 lpatorrrms,¹
396 2321 566 2393 Thebanus,
582 2322 678 2396 magis
694 2320 847 2382 historicis
859 2339 950 2397 ctiam
963 2325 1052 2397 vulgo
1066 2331 1167 2384 notus.

190 2405 281 2464 Cuius
297 2405 336 2463 de
351 2403 509 2462 virtutibus
522 2403 625 2464 dubito
639 2405 894 2478 quemadmodum
905 2421 1065 2482 exponam,
1081 2407 1169 2480 quod

188 2501 312 2559 uereor,
340 2486 367 2546 si
394 2502 444 2544 res
471 2487 624 2560 explicare
650 2488 806 2562 incipiam,
834 2505 872 2547 na
899 2505 960 2548 noa
988 2495 1078 2548 ultam
1099 2489 1168 2550 eius

189 2585 331 2630 enarrare
351 2569 407 2629 sed
433 2569 590 2628 historiam
611 2571 718 2630 videar
737 2571 885 2643 scribere,
908 2573 934 2632 si
957 2573 1166 2634 tantummodo

188 2669 322 2714 smnmas
339 2653 474 2728 attigero,
498 2667 534 2711 ne
549 2653 674 2714 rudibus
691 2654 874 2714 Graecarum
889 2656 1051 2716 litterarum
1065 2655 1167 2715 minus

188 2737 319 2797 dilucide
334 2742 480 2814 appareat
492 2744 622 2809 quantus
635 2737 723 2797 tuterit
734 2738 784 2798 ille
799 2737 853 2796 vir.
876 2740 981 2813 ltaque
993 2739 1110 2811 utrique
1120 2737 1167 2800 rei

103 2814 106 2819 ’
188 2836 345 2880 occurram
360 2826 503 2896 quantum
518 2826 645 2894 potuero
660 2827 690 2879 et
704 2820 850 2881 medebor
864 2837 929 2882 cum
952 2821 1081 2880 satietati
1103 2828 1167 2882 tum

158 2895 373 2978 dignorantiam
400 2903 554 2962 lectorum.
598 2903 770 2962 Phoebidas
795 2904 1069 2977 Lacedaemonius,
1096 2920 1166 2964 cura

187 2982 356 3056 exercitam
375 2984 536 3062 Olynthum
558 2986 682 3046 duceret
701 2985 817 3063 iterque
837 3003 893 3063 per
906 2987 1025 3047 Thebas
1042 2987 1164 3061 taceret,

187 3085 288 3129 arcem
303 3069 408 3144 oppidi
425 3083 503 3142 quae
519 3069 649 3128 cadmea
664 3069 834 3128 nominatur
847 3070 1011 3146 occupavit
1030 3070 1165 3144 irapnlsu
1240 3143 1244 3149 ⁸

186 3167 352 3228 paucorum
366 3151 586 3223 Thebanorum,
604 3152 655 3226 qui
670 3152 864 3213 adversariae
880 3153 1002 3213 lectioni
1014 3168 1074 3227 quo
1089 3151 1164 3211 laci-

186 3236 246 3297 lius
268 3235 446 3295 resisterent
458 3235 613 3294 Laconum
627 3235 719 3296 rebus
735 3236 906 3309 studebant,
923 3235 1014 3310 idque
1029 3249 1085 3296 suo
1102 3233 1165 3310 prl-

158 3325 257 3386 evato
273 3315 340 3379 non*
351 3316 475 3393 publico
490 3317 560 3377 lecit
574 3319 713 3379 consilio.
748 3317 814 3392 Quo
830 3319 910 3380 tacto
925 3335 994 3378 eum
1008 3318 1164 3378 Lacedae·

108 3453 110 3457 ,
186 3401 278 3460 monii
289 3400 328 3460 ah
340 3401 475 3461 exercita
485 3409 678 3462 removerunt
688 3401 879 3477 pecuniaque
890 3402 1051 3462 multarunt
1062 3415 1164 3475 neque

185 3499 224 3544 ec
245 3483 340 3560 magis
363 3497 464 3544 arcem
482 3481 633 3543 Thebanis
660 3484 871 3558 reddiderunt,
900 3483 984 3559 quod
1009 3483 1165 3560 susceptis
