2556 3994
361 269 456 330 XXV.
477 267 688 332 arrico-s.
712 277 755 332 li.
771 275 814 330 lb
1044 269 1088 336 99

94 421 206 484 eodem
224 421 331 482 nunde
347 421 490 483 strateius
506 423 594 484 lieret
608 423 722 484 certior
736 437 771 482 se
786 421 1001 497 pabinoniunr
1016 425 1088 484 arni-

93 506 177 568 sisse
191 513 222 567 et
235 519 451 581 recuperasse.
479 507 563 566 Idem
577 507 609 566 L.
626 507 734 566 lulium
749 505 894 578 Calidum,
911 522 1002 580 quem
1017 511 1117 582 posti

91 589 226 651 Lucretii
242 590 412 666 Catullique
433 598 561 650 mortem
576 592 670 650 madto
686 590 947 664 elegantissimum
963 595 1088 666 poetam

92 681 233 735 nostram
256 674 367 734 tulisse
389 680 521 743 aetatem
543 689 620 734 vere
643 675 753 734 videor
780 689 878 750 posse
899 676 1087 736 contendere

92 773 198 833 neque
218 757 319 818 minus
342 757 442 819 virum
462 758 577 820 bonum
591 757 779 833 optimisque
795 757 910 818 artibus
925 759 1086 832 eruditum,

93 856 187 916 quem
208 849 282 916 post
301 841 561 917 proscriptionem
575 842 713 918 equitum
731 849 860 918 propter
873 857 1002 918 magnas
1019 843 1087 904 elus

91 925 258 992 Amicauas
280 927 502 1000 possessiones
524 926 555 984 in
577 925 822 1004 proscriptorum
843 942 1003 989 numerum
1021 925 1086 985 aP.

91 1010 277 1084 Volumnio,
300 1009 456 1085 praelecto
478 1009 597 1070 labrum
614 1011 755 1084 Antonii,
777 1011 937 1070 absentem
958 1013 1085 1071 relatum

93 1094 262 1168 expedivit
290 1093 402 1168 Quod
393 1111 424 1152 m
440 1095 596 1170 praesenti
610 1101 710 1154 utram
725 1095 753 1154 ei
768 1094 953 1154 laboriosius
969 1111 1007 1155 an
1009 1097 1115 1168 glo—5

6 1243 8 1260 ³
90 1177 208 1238 riosias
220 1179 309 1238 luerit
321 1177 444 1238 dillieile
456 1183 505 1238 est
518 1177 663 1252 iudicare,
677 1179 779 1254 quod
771 1195 803 1238 m
820 1193 927 1238 eorum
941 1179 1087 1254 perieulis

91 1277 156 1322 non
179 1277 272 1322 secus
295 1261 432 1322 absentis
454 1277 547 1337 quam
567 1262 739 1336 praesentis
762 1253 878 1358 amieos
899 1262 1000 1324 Attico
1015 1277 1088 1324 esse

93 1359 188 1406 carae
203 1346 359 1422 cognitum
373 1353 430 1406 est.

121 1425 284 1506 Neque
306 1445 382 1490 vero
404 1430 455 1490 illc
469 1430 517 1488 vir
528 1429 631 1490 minus
647 1429 747 1490 bonus
763 1429 982 1506 paterfamilias
996 1429 1050 1490 ha·
1061 1429 1129 1504 lllll

92 1513 175 1574 bitus
197 1521 245 1574 est
264 1529 358 1589 quam
381 1513 476 1574 civis„
495 1513 571 1572 liam
586 1525 654 1573 curn
669 1521 754 1574 esset
768 1515 973 1589 pecuniosus,
995 1529 1085 1576 nemo

91 1597 145 1659 illo
160 1598 261 1659 minus
275 1597 333 1658 luit
346 1613 445 1670 emax,
462 1599 571 1678 minus
578 1597 767 1658 aedificator.
783 1597 897 1674 Neque
910 1605 1085 1658 tamennon

91 1682 122 1740 in
145 1683 252 1757 primis
272 1683 352 1742 bene
372 1643 519 1743 habitavit
533 1679 741 1758 omnibusque
756 1683 879 1758 optimis
895 1682 989 1742 rebus
1005 1697 1082 1742 usus

93 1773 151 1826 est.
179 1766 255 1825 llam
276 1766 401 1826 domum
415 1765 547 1828 habuit
539 1782 569 1825 ιιι
586 1767 665 1826 colle
683 1765 828 1840 Quirinali
842 1765 1115 1840 Tamplrilianama

93 1849 133 1909 ab
149 1851 302 1910 auunculo
316 1849 486 1910 hereditate
499 1850 646 1910 relictam.
670 1849 764 1910 cuius
779 1851 949 1910 amoenitas
961 1865 1023 1910 non
1034 1865 1085 1910 ae·

92 1933 196 1992 dilicio
213 1934 270 1993 sed
285 1934 363 1994 silva
378 1934 547 1995 constabat.
573 1935 679 2009 Ipsum
694 1934 775 1992 enim
790 1941 904 1994 tectam
918 1933 1085 2010 antiquitus

93 2018 293 2078 constitutum
317 2019 389 2093 plus
410 2019 483 2078 salis
506 2033 598 2093 quam
623 2025 765 2093 sumptus
785 2017 927 2079 habebat.
966 2017 1000 2078 ln
1022 2035 1084 2095 quo

92 2099 167 2160 nillil
184 2102 380 2162 commutavit
393 2103 452 2162 nisi
467 2103 494 2162 si
511 2102 585 2178 quid
598 2109 751 2164 vetustate
767 2093 1115 2182 nossessiones

92 2191 143 2244 est
163 2184 290 2258 familia,
314 2186 341 2246 si
355 2187 481 2247 utilitate
496 2187 694 2247 iudicandum
709 2193 771 2260 est,
794 2187 919 2261 optima,
935 2187 962 2246 si
977 2187 1085 2262 lorrna,

74 2269 146 2328 ‘vix
170 2268 326 2330 medocri.
358 2269 530 2344 limoque
523 2287 553 2328 m
579 2285 617 2329 ea
641 2277 729 2330 erant
753 2271 843 2346 pueri
866 2265 1085 2347 litteratissimi,

92 2359 284 2427 anagnostae
304 2353 412 2428 optimi
434 2361 464 2413 et
478 2353 600 2427 plurimi
622 2353 751 2426 librarii,
774 2360 807 2414 ιιι
820 2369 860 2413 ne
875 2354 1085 2430 pedissequus

6 2431 8 2488 ἶ
92 2436 217 2512 quidem
230 2437 396 2512 quisquam
412 2443 496 2497 esset
511 2438 568 2513 qai·
580 2453 642 2497 non
657 2445 820 2513 atrumque
835 2437 946 2498 horum
957 2439 1086 2514 pulehre

92 2521 195 2580 iacere
217 2529 341 2596 posset,
360 2521 430 2596 pari
445 2521 539 2584 modo
554 2521 798 2582 artilices'ceteri
813 2539 894 2598 quos
911 2523 1011 2583 adius
1027 2523 1082 2584 do-.

91 2605 240 2664 mesticus
266 2603 422 2668 desiderat
444 2606 586 2682 apprime
606 2605 689 2666 boni.-
724 2607 831 2682 Neque
851 2613 953 2666 tamen
974 2603 1114 2667 horuml

91 2702 278 2764 quemquam
293 2688 720 2768 nisidominatumdomique
731 2688 845 2752 lamam
856 2688 971 2748 habuit.
994 2689 1084 2763 Quod
1102 2737 1106 2746 .

6 2823 7 2828 ,
90 2781 140 2831 est
160 2773 281 2846 omnam
299 2787 363 2834 non
382 2775 483 2836 solum
498 2774 704 2834 continentiae
719 2773 777 2833 sod
792 2772 884 2832 etiam
898 2771 1082 2846 diligentiae.

90 2856 167 2916 Nam
189 2863 219 2914 et
237 2871 301 2920 non
321 2858 558 2932 intemperanter
573 2857 796 2932 concupiscere
811 2856 896 2932 quod
911 2870 930 2914 a
943 2857 1083 2930 plurimis

6 2983 7 3002 ι
88 2939 142 3002 vid
164 2954 203 2998 as
222 2941 405 3001 continentis
426 2940 521 3000 debet
540 2942 610 3001 duci
630 2950 662 3000 et
682 2941 786 3017 polius
813 2939 968 3014 diligentia
990 2956 1083 3017 quarn

90 3039 129 3098 pr
172 3041 191 3086 o
207 3039 317 3098 parare
332 3039 394 3085 non
409 3025 575 3086 mediocris
590 3031 638 3084 est
651 3023 829 3088 industriae.
860 3023 1004 3100 Elegans,
1020 3037 1111 3091 nont

89 3107 283 3183 magnificus,
300 3109 499 3184 splendidus,
515 3125 577 3168 non
593 3116 813 3184 sumptuosuss
835 3108 999 3184 omnisque
1014 3109 1081 3168 dili-

88 3192 195 3266 gentla
214 3193 407 3268 munditiam,
428 3209 491 3254 non
512 3189 710 3254 affluentiam¹
723 3191 897 3254 affectabat.
933 3191 1081 3268 Supellex

88 3275 221 3351 modica,
235 3290 298 3337 non
313 3279 415 3351 multa,
431 3283 466 3337 ιιι
479 3276 509 3335 ln
524 3283 661 3336 neutram
677 3284 795 3352 partem
810 3276 950 3352 conspici
961 3282 1080 3352 posset

88 3357 153 3418 Nec
175 3361 366 3435 praeteribo,
388 3375 574 3437 quamquam
595 3361 751 3422 nonnullis
772 3361 957 3425 levavisam
972 3360 1009 3421 iri
1023 3367 1110 3435 pus

6 3499 7 3510 ,
88 3446 166 3502 teni:
196 3443 270 3504 Cum
287 3445 317 3504 in
339 3445 446 3520 primis
466 3447 568 3506 lautus
583 3452 669 3506 esset
683 3461 782 3521 eques
797 3447 957 3506 Romanus
971 3451 1001 3504 et
1017 3459 1077 3504 non

90 3541 199 3598 param
215 3528 382 3589 liberaliter
393 3531 518 3592 damam
532 3543 622 3590 auam
637 3530 771 3591 omnium
786 3529 928 3647 ordinum
938 3527 1078 3590 homines

723 3625 724 3628 ¹
870 3619 886 3670 t
