2556 3994
213 259 256 326 70
464 263 589 324 *xviia
611 261 847 325 EUMENES
869 267 895 325 t.
910 267 937 326 8.

214 422 315 478 motus
338 413 435 476 satius
456 413 558 489 duxit,
584 415 610 476 si
633 415 674 474 ita
697 415 822 476 tulisset
843 415 980 489 touuna,
1006 412 1110 488 perire
1126 411 1208 474 benc

214 498 329 558 meritis
344 499 527 558 referentem
541 499 670 573 gratiam
686 515 776 572 quam
792 500 943 574 ingratum
957 497 1074 556 vivere.

172 583 228 646 vn
319 583 425 656 ltaque
437 583 544 656 copias
557 583 716 656 contraxit,
729 583 841 643 bellum
853 583 1005 642 adversus
1016 580 1205 654 Antigonum

216 666 413 741 comparavit.
447 664 536 739 Quod
557 683 619 728 uno
639 672 726 725 erant
740 665 928 726 Macedones
951 666 1131 738 complures
1149 680 1205 724 no·

214 749 301 821 biles,
318 749 348 807 in
364 748 411 810 bis
424 747 600 823 Peucestes,
618 750 670 825 qui
685 751 830 824 eorporis
842 755 948 810 custos
960 750 1058 808 tuerat
1067 749 1206 808 Alexan·

214 832 276 907 dri,
299 839 363 894 tum
382 837 480 892 autem
498 833 654 894 obtinebat
667 832 840 906 Persidem,
863 841 894 895 et
905 833 1091 907 Antigenes,
1115 832 1206 892 cuius
1271 885 1272 898 ,

214 917 273 978 sub
296 915 424 990 imperio
447 915 582 990 phalanx
604 923 670 978 erat
684 916 897 990 Macedonum,
920 915 1065 976 invidiam
1079 931 1205 988 verene,

216 1014 306 1076 quam
324 1005 422 1060 tamen
439 1001 574 1076 effugere
589 1017 649 1061 non
665 1003 772 1075 potuit,
789 1001 814 1061 si
831 1001 933 1075 polius
949 1001 1018 1074 ipse
1031 999 1208 1074 alienigena
1271 1003 1272 1006 ’

215 1083 326 1146 summi
347 1084 466 1158 imperii
487 1085 636 1158 potiretur
657 1100 749 1158 quam
765 1085 814 1144 alii
829 1083 1049 1158 Macedonum,
1072 1098 1207 1158 quorum
1271 1121 1272 1160 ἢ

214 1168 255 1226 ibi
278 1173 343 1226 erat
356 1162 532 1240 multitudo,
557 1169 587 1228 in
608 1167 767 1243 principiis
783 1167 951 1228 Alexandri
965 1167 1089 1227 nomine
1103 1167 1207 1226 laber-
1271 1171 1272 1244 ἕ

186 1252 356 1312 nnaculum
380 1251 483 1312 statuit·
504 1252 534 1310 in
556 1267 659 1327 coque
680 1253 787 1312 sellom
803 1265 928 1311 auream
943 1265 1012 1312 cum
1027 1258 1154 1324 scepuo
1170 1267 1208 1310 ac
1271 1259 1272 1336 ᾗ

216 1334 387 1394 diademate
407 1335 497 1396 iussit
518 1335 591 1411 poni
609 1351 711 1410 eoque
727 1337 825 1396 omnis
842 1335 954 1396 cotidie
968 1334 1152 1406 convenire,
1175 1341 1208 1394 ut
1271 1341 1272 1366 ¹

215 1417 256 1478 ibi
273 1419 312 1478 de
327 1419 453 1480 summis
469 1419 562 1480 rebus
578 1420 707 1480 consilia
722 1418 1069 1495 caperentur„credcns
1084 1418 1207 1478 minore
1271 1471 1272 1476 ,

215 1516 251 1560 se
271 1501 385 1562 invidia
400 1503 481 1577 iore,
505 1505 530 1563 si
546 1505 651 1579 specie
665 1504 784 1578 imperii
800 1504 995 1577 nominisque
1010 1502 1208 1562 simulatione
1271 1511 1272 1514 ’

186 1585 382 1656 3Α1ωωηάνί
407 1585 521 1648 bellum
544 1589 699 1648 videretur
724 1587 938 1648 administrari.
975 1585 1064 1660 Quod
1091 1585 1206 1645 effecit
1271 1613 1272 1632 2

214 1669 290 1729 Nam
312 1685 381 1729 cum
402 1686 464 1731 non
482 1673 522 1731 ad
535 1671 680 1732 Eumenis
698 1672 848 1747 principia
863 1673 919 1731 sed
934 1671 975 1730 ad
986 1670 1075 1744 regia
1090 1685 1208 1730 conve-
1271 1705 1272 1712 κ

215 1753 332 1814 niretur
352 1761 446 1828 atque
469 1754 572 1816 ibide
595 1755 688 1815 rebus
716 1755 950 1828 deliberaretur,
974 1753 1207 1828 quodammodo

214 1835 335 1912 latebat,
353 1853 421 1898 cum
437 1845 536 1901 tamen
552 1855 608 1914 per
624 1855 693 1899 cum
708 1855 800 1898 unum
816 1844 994 1914 gererentur
1010 1838 1122 1899 omnia.
1271 1837 1272 1842 ’

175 1918 244 1980 VIII
328 1921 385 1982 Hic
407 1923 436 1980 in
452 1917 628 1984 Paraetacis
650 1939 719 1983 cum
734 1923 889 1997 Antigono
908 1921 1046 1982 conflixit
1060 1937 1124 1980 nnn
1140 1921 1207 1982 acic
1271 1911 1272 1972 Ϊ

215 2003 364 2066 instructa
379 2003 435 2065 sed
451 2006 480 2064 in
496 2007 603 2066 itinere
617 2021 749 2080 eumque
764 2009 842 2066 male
857 2013 1017 2080 acceptum
1028 2005 1060 2063 in
1070 2005 1206 2066 Mediam

214 2086 378 2150 hiematum
397 2091 499 2164 coegit
511 2090 622 2149 redire.
653 2091 725 2166 lpse
742 2093 772 2150 in
789 2090 914 2150 finitima
928 2089 1054 2164 regione
1066 2087 1206 2148 Persidis
1229 2110 1234 2117 ·
1271 2097 1272 2138 f

214 2171 379 2234 hiematum
395 2173 501 2249 copias
518 2173 635 2250 divisit,
656 2191 718 2235 non
733 2184 766 2234 ut
780 2174 876 2234 voluit
892 2175 948 2234 sed
963 2180 997 2233 ut
1010 2173 1139 2234 militum
1154 2189 1206 2231 co·

178 2258 308 2332 agebat
332 2261 485 2320 voluntas.
521 2258 661 2334 Namque
684 2259 738 2318 illa'
756 2258 890 2332 phalanx
911 2256 1081 2317 Alexandri
1101 2255 1206 2330 Magni

216 2355 296 2416 quae
321 2342 427 2402 Asiam
452 2351 631 2416 peragrarat
656 2343 875 2416 deviceratque
897 2341 1008 2400 Persas
1034 2341 1207 2400 inveterata

140 2449 145 2456 ·
217 2439 285 2484 cum
307 2425 406 2498 gloria
426 2433 487 2485 tum
504 2427 594 2486 etiam
610 2427 732 2486 licentia
746 2442 808 2486 non
827 2440 936 2499 parere
951 2440 986 2484 se
1002 2423 1132 2484 ducibus
1148 2425 1208 2484 sed

215 2506 367 2582 imperare
381 2509 565 2584 postulabat,
586 2517 620 2570 ut
634 2525 715 2570 nuno
729 2510 867 2570 veterani
881 2509 996 2570 iaciunt
1009 2507 1116 2568 nostri.
1146 2507 1207 2568 Ita-

216 2606 277 2666 que
298 2591 468 2667 pcriculum
489 2600 537 2652 est
557 2609 595 2652 ne
618 2593 730 2654 iaciant
751 2593 835 2668 quod
849 2592 892 2653 illi
907 2592 1060 2664 iecerunt,
1080 2605 1139 2650 sua
1161 2590 1208 2650 in·
1271 2655 1272 2668 ,

214 2676 416 2750 temperantia
439 2675 594 2752 nimiaque
619 2677 741 2738 licentia
765 2681 799 2738 ut
820 2676 922 2736 omnia
946 2675 1078 2750 perdant
1102 2689 1208 2748 neque

213 2759 315 2822 minus
331 2777 388 2821 eos
401 2776 469 2822 cum
484 2760 595 2834 quibus
609 2761 748 2822 steterint
759 2775 850 2836 quam
864 2761 1019 2820 adversus
1031 2773 1112 2834 quos
1125 2759 1207 2817 iece-

185 2844 282 2910 srint.
314 2843 402 2916 Quod
418 2844 444 2904 si
460 2845 530 2918 quis
545 2844 664 2906 illorum
678 2852 894 2906 veteranorum
911 2843 992 2918 legat
1006 2845 1101 2915 lacta,
1117 2841 1208 2916 paria

163 2965 168 2972 -
214 2926 324 2987 borum
346 2935 514 3002 cognoscat
533 2943 637 3002 neque
655 2943 720 2988 rem
735 2930 827 2988 ullam
843 2928 901 2987 nisi
916 2933 1038 3001 tempus
1053 2925 1208 2991 interesse

214 3009 336 3072 iudicet.
372 3009 435 3073 Sed
456 3012 496 3070 ad
518 3011 748 3072 illosrevcrtar.
781 3012 915 3083 Hiberna
930 3015 1129 3084 sumpserant
1142 3023 1206 3068 nan
1271 3085 1272 3088 Ἴ

215 3093 254 3152 ad
270 3109 359 3154 risum
373 3091 445 3154 belli
460 3095 517 3154 sed
531 3095 571 3157 ad
586 3095 724 3171 ipsorum
741 3095 891 3156 luxmiam
906 3097 1061 3169 longeque
1076 3093 1156 3152 inter
1170 3105 1208 3152 sc

185 3176 434 3247 ediscesserant.
467 3177 535 3240 Hoc
548 3180 723 3254 Antigonus
746 3193 815 3240 cum
831 3177 1036 3252 comperisset
1049 3176 1207 3250 intellege-

213 3268 323 3357 retque
338 3276 373 3321 se
387 3276 493 3334 parem
508 3277 570 3324 non
586 3279 657 3324 esse
672 3262 788 3338 paratis
805 3261 1009 3334 adversariis,
1027 3257 1138 3320 statuit
1152 3259 1208 3317 ali·

215 3344 289 3423 quid
311 3344 369 3406 sibi
389 3345 509 3406 consilii
530 3347 603 3406 novi
620 3362 692 3408 esse
705 3345 899 3421 capiendum.
933 3343 1020 3404 Duae
1035 3349 1123 3402 erant
1135 3342 1208 3402 viae

215 3444 277 3502 qua
297 3443 337 3486 ex
351 3427 465 3501 Medis,
487 3428 540 3508 ubi
560 3430 611 3492 itte
633 3429 801 3501 hiemabat,
826 3428 867 3488 ad
888 3427 1138 3488 adversariorum
1159 3425 1206 3486 ni-

185 3508 380 3575 tbernaoula
408 3518 518 3586 nosset
542 3512 706 3586 perveniri.
744 3511 879 3586 Quarum
905 3510 1030 3570 brevior
1054 3519 1110 3584 per
1136 3509 1208 3570 loca
