2534 4010
351 215 863 296 vu.nccru1nuus.r.r.a
980 229 988 241 ·
1060 213 1105 282 23

108 370 315 432 excellentius
331 369 379 428 uel
393 369 424 428 in
434 367 515 428 titiis
528 369 576 428 vel
588 369 617 428 in
635 367 805 430 virtutibus.
828 369 922 430 Natus
935 369 965 429 in
979 370 1131 445 surplis-l

107 453 189 514 sime
205 455 343 525 civitate,
361 467 479 512 summo
495 465 623 528 genere,
640 452 775 513 omnium
790 455 898 513 aetatis
916 470 992 513 sune
1007 457 1101 516 multo

107 538 373 608 lormosissimus,
399 535 439 596 ad
465 536 565 596 omnis
589 550 641 595 res
667 542 757 610 aptus
783 537 967 612 consiliique
990 540 1100 614 plenus

106 630 259 696 (namque
279 620 445 696 imperator
466 619 521 679 luit
543 634 681 680 summus
702 627 733 679 et
746 620 822 680 mari
838 625 868 680 et
881 627 980 692 terra;
1003 621 1100 682 diser·

34 714 35 726 ¹
105 711 168 777 tus,
185 711 220 764 ut
234 703 374 780 inprimis
388 703 520 762 dicendo
535 705 658 786 valeret,
675 705 760 778 quod
775 710 858 764 tanta
871 711 937 766 erat
948 720 1100 765 commen·
1154 755 1158 764 .

106 788 193 848 datio
216 787 279 848 oris
296 795 388 864 atque
402 786 566 860 orationis,
589 793 620 846 ut
634 801 725 848 nemo
741 787 769 846 ei
784 788 916 848 dicendo
933 797 1040 865 posset
1054 805 1100 848 re·

105 871 244 948 sistere),
260 871 363 945 dives,
381 886 451 932 eum
464 877 585 946 tempus
599 877 743 946 posceret
761 871 949 948 laboriosus,
970 873 1129 950 petieras

29 1021 31 1028 ¹
108 956 263 1029 liberalis,
285 955 466 1030 splendidus
482 970 544 1016 ncn
559 955 660 1015 minus
675 955 706 1014 in
722 955 783 1014 vita
797 971 891 1030 quam
907 957 1003 1030 rictu,
1025 957 1099 1017 alla·

62 1091 67 1098 .
108 1038 191 1112 bilis,
207 1038 351 1112 blandus,
367 1038 555 1114 temporibus
572 1038 770 1099 callidissime
785 1039 935 1114 serviens,
950 1041 1040 1113 idem,
1060 1040 1129 1102 sil

108 1123 172 1182 mul
198 1138 236 1182 ae
256 1137 292 1183 sc
313 1122 472 1182 remiserat
493 1136 595 1198 oeque
617 1137 714 1183 causa
736 1123 875 1197 suberat,
900 1139 995 1199 quaro
1009 1124 1114 1183 euiini

106 1206 248 1266 laborem
262 1206 421 1282 perterret,
444 1206 632 1280 luxuriosus,
648 1206 829 1280 dissolutus,
846 1207 1038 1283 libidinosus,
1055 1207 1098 1266 in-

105 1299 285 1364 temperans
307 1289 532 1365 reperiebatur,
561 1296 593 1350 ut
613 1305 721 1351 omnes
743 1289 964 1351 admirarentur
986 1292 1015 1350 in
1038 1308 1098 1352 uuo

107 1371 234 1434 bomine
259 1380 371 1434 tantam
397 1388 470 1434 esse
496 1372 773 1434 dissimilitudinem
798 1380 921 1450 tamque
947 1375 1099 1436 diversam

108 1462 261 1516 naturam.
523 1513 528 1524 ,

193 1539 349 1602 Educatus
375 1541 472 1601 estin
494 1541 585 1603 domo
606 1539 715 1602 Pericli
735 1540 908 1616 (priuignus
930 1541 1009 1602 enirn
1032 1542 1133 1602 eiusll

107 1624 208 1684 luisse
223 1624 360 1698 dieitur),
383 1624 554 1686 cruditusa
569 1625 705 1686 Socrate.
742 1625 890 1684 Socerum
907 1626 1011 1685 babuit
1026 1627 1097 1700 liip-

106 1709 271 1783 ponicum,
294 1708 429 1768 omnium
445 1709 562 1769 Graeca
583 1709 686 1782 lingua
701 1709 891 1784 loquentium
906 1709 1097 1782 ditissimum,

107 1799 156 1865 ut,
182 1792 209 1850 si
230 1792 300 1865 ipse
325 1791 442 1867 lingere
466 1794 572 1865 vellet,
598 1807 700 1866 neque
727 1793 817 1867 plura
841 1791 923 1852 bona
946 1791 1098 1853 reminisci

107 1890 212 1952 neque
239 1875 357 1936 maiora
385 1882 493 1951 posset
521 1874 688 1950 consequi,
718 1891 811 1950 quani
839 1877 888 1934 vel
917 1882 1024 1934 natura
1051 1879 1098 1936 uel

106 1961 232 2020 fortuna
247 1959 401 2020 tribueret.
428 1960 554 2020 ineunte
569 1959 779 2020 adulescentia
794 1964 914 2040 miratus
929 1965 978 2020 est
992 1975 1010 2018 a
1024 1962 1126 2022 mul-n

105 2043 146 2104 tis
167 2057 254 2103 more
269 2043 471 2117 Graecorum,
493 2042 584 2104 ineis
601 2041 737 2103 Socrate.
766 2045 810 2102 De
833 2060 894 2118 quo
914 2042 1098 2104 mentionem

106 2127 180 2186 iacit
200 2127 285 2186 Plato
308 2127 338 2187 in
362 2127 540 2204 Symposio.
573 2127 713 2200 Namque
734 2142 805 2184 eum
825 2126 946 2186 induxit
965 2142 1097 2186 eommo-

106 2216 277 2272 mcrantem
302 2225 338 2270 se
360 2217 561 2286 pernoctasse
582 2225 653 2270 cum
676 2209 803 2270 Socrate
826 2223 927 2282 neque
950 2209 1037 2269 aliter
1058 2211 1097 2270 ab

105 2310 146 2355 eo
167 2294 344 2356 surrexisse
363 2309 400 2354 ac
423 2294 504 2354 lilius
527 2297 688 2368 aparente
710 2291 858 2354 debuerit.
892 2291 1126 2368 Posteaquam

106 2377 264 2438 robustior
285 2379 463 2447 estractus,
486 2393 547 2438 non
569 2377 670 2436 minus
693 2377 806 2436 multos
823 2377 949 2450 amarit,
972 2376 1002 2437 in
1020 2393 1096 2453 quo·

105 2477 175 2523 rum
196 2475 314 2536 amore,
337 2463 440 2536 quoad
462 2461 576 2542 licitum
590 2467 653 2534 est,
675 2459 784 2520 odiosa
798 2461 892 2520 multa
908 2461 1036 2521 delicate
1052 2462 1096 2522 ic·

104 2559 247 2620 enseque
264 2545 350 2620 lecit,
369 2561 449 2621 quae
471 2547 671 2618 referremus,
693 2543 753 2604 nisi
775 2544 892 2604 maiora
909 2545 1029 2619 potiora
1044 2545 1095 2604 ba-

105 2628 262 2688 beremus.

89 2773 95 2790 χ
199 2711 285 2772 Bello
300 2707 527 2786 Peloponnesio
547 2709 638 2771 buius
661 2709 789 2771 consilio
805 2716 898 2784 atque
913 2700 1136 2772 erectoritatelll

105 2793 314 2854 Athenienses
329 2794 442 2855 bellum
458 2793 666 2872 Syracusanis
682 2791 873 2867 indixerunt,
888 2793 928 2853 ad
944 2793 1028 2868 quod
1042 2809 1095 2868 ge-

104 2877 236 2938 reudrun
249 2877 318 2952 ipse
328 2878 392 2938 dux
401 2877 540 2938 delectus
552 2884 609 2950 est,
626 2877 688 2937 duo
700 2883 862 2952 praeterea
874 2877 1011 2950 collegae
1024 2877 1095 2951 dati,

106 2959 191 3020 Nicia
206 2967 237 3020 et
244 2961 426 3042 Lamachus.
449 2961 484 3020 ld
498 2975 568 3021 cum
582 2968 793 3036 appararetur,
809 2959 895 3034 prius
911 2975 1004 3048 quarn
1018 2962 1124 3023 olas-²

106 3044 151 3103 sis
164 3043 273 3115 exiret,
290 3043 409 3117 accidit,
425 3049 458 3103 ut
472 3059 534 3106 una
548 3050 638 3104 nocte
653 3057 759 3102 omnes
774 3043 916 3117 Hermae,
933 3044 984 3117 qui
997 3044 1026 3102 in
1039 3059 1094 3118 cp·

105 3125 180 3202 pido
201 3132 290 3187 erant
303 3127 448 3202 Athenis,
470 3127 664 3188 deicerentur
683 3133 807 3202 praeter
827 3141 936 3200 unum,
958 3126 1095 3201 quiante

104 3209 229 3270 ianuam
250 3215 317 3270 erat
329 3209 494 3272 Andocidi.
522 3211 628 3286 ltaque
650 3211 700 3270 illc
721 3217 831 3286 postea
847 3209 1017 3270 Mercurius
1032 3210 1096 3270 An·

110 3293 233 3354 decidis
244 3294 395 3355 vocitatus
408 3300 465 3354 est.
479 3293 546 3354 Hoc
552 3309 648 3368 quum
659 3299 825 3369 appareret
836 3309 898 3354 nou
910 3292 977 3352 sine
985 3299 1124 3368 magnae
1213 3291 1217 3302 '

106 3377 270 3438 multorum
285 3376 492 3438 consensione
505 3391 577 3437 esse
592 3379 713 3450 tactum,
729 3392 811 3453 quae
821 3393 883 3438 non
896 3375 935 3434 ad
947 3375 1095 3450 priuatam
1117 3396 1120 3405 ·

104 3461 162 3520 sed
184 3461 339 3536 publicam
359 3477 423 3521 rem
444 3459 624 3536 pertineret,
649 3475 779 3534 maguus
800 3457 983 3521 mrdtitudini
1004 3459 1094 3522 timor
