2534 4010
317 239 383 298 vll.
405 233 706 302 Abcldlnlllis
730 248 772 300 re.
789 229 832 302 ιἰ.
1026 238 1069 306 29

77 393 165 456 circa
178 409 284 455 cesam
298 407 375 467 eam,
388 393 421 452 in
435 380 498 472 que
512 393 702 470 quiescebat,
718 408 818 470 ecque
832 396 1068 469 succenderunt,

78 485 111 538 ut
124 478 276 540 incendio¹
286 469 488 551 centicerent,
510 488 601 552 quern
615 493 708 538 manu
721 479 863 553 supinari
878 495 974 554 posse
990 480 1068 542 dilli—
1118 512 1121 518 ·

78 562 203 624 debant
241 563 295 622 Ille
316 567 417 622 autem
437 569 471 622 ut
485 562 588 622 sonitu
603 559 744 621 flammae
758 570 807 624 est
822 564 987 638 excitatus,
1011 565 1097 628 etsie
1114 594 1118 600 v

77 647 202 721 gladius
225 647 252 708 ei
275 653 340 709 eret
360 645 547 720 subductus,
569 645 726 706 familiaris
750 646 798 708 sui
820 647 964 708 subalare
975 649 1069 709 telum

78 732 201 804 eripuit.
223 731 362 805 Namque
376 735 442 788 erat
457 745 526 790 cum
542 744 579 788 eo
596 729 720 804 quidam
736 745 776 790 ex
789 731 925 792 maaria
938 731 1067 808 hospes,

78 815 133 888 qui
147 826 315 890 numquam
332 812 494 874 discedere
508 815 657 874 voluerat.
682 813 772 873 Hunc
787 815 877 890 sequi
893 831 928 876 se
942 817 1026 878 iubet
1039 825 1070 877 et

77 897 109 956 id
131 899 219 973 quod
237 899 269 959 in
290 898 466 974 praesentia
484 897 736 958 vestimentorum
750 899 807 974 iuil
820 899 935 974 arripit.
966 901 1022 962 His
1036 901 1068 960 in

78 983 184 1055 mrtem
203 983 308 1044 eiectis
328 981 471 1042 Mmmac
490 981 553 1040 vim
566 981 695 1042 transiit„
732 981 827 1055 Quem
840 989 875 1043 ut
888 982 1012 1044 barbari
1026 986 1098 1052 ind
1154 996 1160 1006 ⁴

77 1067 223 1128 cendium
239 1066 388 1142 effugisse
402 1065 553 1139 viderunt,
570 1066 640 1125 telis
654 1065 774 1126 ominus
788 1067 1068 1130 misslsinteriece

76 1157 150 1210 rrmt
164 1145 320 1226 caputqne
335 1150 457 1210 eiusad
467 1149 696 1211 Pharnabeunn
707 1152 884 1212 retulerunt.
900 1153 942 1212 At
951 1152 1068 1230 muller,

79 1247 253 1309 quaecum
274 1249 311 1297 co
333 1235 442 1294 vivere
464 1241 643 1308 consuerat,
666 1235 806 1294 muliebri
821 1246 879 1296 sua
892 1242 982 1296 veste
995 1249 1068 1298 con-

76 1325 192 1380 tectum
213 1318 344 1379 aedificii
362 1317 672 1379 incendiomortutun
686 1319 845 1391 cremavit,
871 1320 956 1393 quod
970 1319 1011 1380 ad
1023 1321 1069 1380 vi-

79 1418 152 1462 vmn
171 1403 407 1464 inmnnrendmn
429 1410 496 1463 erat
512 1409 731 1477 comparatum.
756 1401 807 1462 Sic
820 1401 999 1464 Alcibiades
1015 1420 1064 1464 an·

77 1503 137 1547 uos
153 1488 274 1547 circiter
288 1487 492 1562 quadragina
505 1494 596 1547 uatus
611 1487 691 1546 diem
706 1485 781 1548 obiit
795 1498 983 1561 supremum.

159 1571 251 1631 Hunc
264 1572 443 1632 intemetum
456 1587 475 1631 a
488 1570 646 1646 plerisque
659 1578 723 1630 tres
738 1570 912 1644 grauissimi
926 1569 1109 1638 historicilll

78 1656 209 1718 summis
231 1655 375 1716 laudibus
396 1655 585 1715 extuderunn
614 1655 829 1732 Thucydides,
856 1655 909 1729 qai
932 1655 1070 1716 ciusdem

77 1739 274 1814 aetatisl‘uit,
290 1739 519 1814 Theopompus,
536 1740 588 1813 qui
603 1746 677 1814 post
691 1739 846 1812 aliquanto
862 1745 962 1813 umus,
978 1747 1008 1800 ct
1021 1739 1069 1800 Ti·

77 1837 203 1893 macum
235 1823 286 1898 qni
313 1824 436 1898 quidem
462 1823 524 1884 duo
549 1821 845 1897 maledicentissimi,
872 1819 1068 1898 nesclo‘quo

77 1907 183 1982 modo,
198 1907 230 1967 in
243 1908 295 1968 illo
306 1923 370 1968 uno
381 1906 536 1968 laudando
549 1907 754 1966 consciorum
775 1906 914 1982 Namque
925 1921 972 1982 ea,
989 1917 1098 1982 quaer

77 2007 177 2067 supra
191 1991 383 2068 scripsimus,
398 1992 440 2050 de
453 2006 491 2051 eo
505 1986 724 2066 praedicarunt
738 1995 831 2066 atquc
845 1990 906 2052 hoc
921 1993 1068 2068 amplius=

78 2093 148 2136 curn
170 2075 300 2136 Athenis
323 2075 575 2151 splendidissima
597 2073 719 2135 civitate
740 2083 829 2135 natus
848 2081 946 2150 esset,
971 2077 1070 2136 omnis

78 2159 249 2235 splendore
269 2175 308 2220 ae
323 2161 473 2235 dignitate
498 2173 668 2235 superasse
687 2159 786 2226 viteus
814 2165 979 2234 postquam
999 2161 1099 2220 indeo

77 2244 230 2318 expulsus
245 2243 368 2304 iltebas
387 2243 518 2317 venerit,
543 2241 621 2303 udeo
640 2243 750 2302 studiis
766 2256 873 2303 eorum
888 2243 1068 2318 inservisse,

77 2338 111 2388 ut
125 2328 310 2395 nemccum
321 2329 429 2390 labere
444 2327 650 2402 corporisque
662 2325 780 2388 viribus
796 2333 905 2402 posset
919 2328 1068 2404 aequipa-

78 2427 151 2472 rare
170 2419 293 2486 (omncs
315 2412 394 2472 enin
407 2412 528 2472 Boeotii
549 2411 647 2486 rnams
668 2410 801 2472 firmitati
819 2412 961 2486 eorporis
977 2427 1069 2488 quam

78 2495 193 2572 ingenii
214 2496 567 2567 acurnini.inserviunt);
603 2496 735 2556 cundem
758 2496 841 2569 apud
862 2496 1098 2558 Lacedaemo-l

78 2581 163 2654 nies,
181 2591 311 2655 quormn
325 2581 463 2642 moribus
478 2595 599 2642 summa
610 2581 708 2640 m'rtus
724 2580 754 2638 in
770 2579 1068 2654 patientioponeba-
1103 2643 1106 2654 ,

78 2672 144 2738 tur,
166 2663 213 2724 sic
233 2664 362 2724 duritiae
384 2679 419 2725 se
435 2664 577 2736 dedisse,
598 2669 632 2724 ut
653 2663 848 2739 parsimonia
861 2663 961 2722 menas
977 2669 1070 2738 atque

79 2749 181 2809 cultus
198 2747 298 2810 omnis
312 2747 577 2810 Lacedaemonios
592 2747 744 2815 vincerem
765 2745 863 2806 misse
878 2747 962 2822 apud
975 2748 1069 2808 Thre-

79 2847 150 2905 eas,
174 2831 314 2898 homines
337 2830 514 2894 vinolentos
528 2831 687 2907 rebusque
698 2829 832 2890 veneriis
849 2830 987 2892 deditos=
1009 2831 1069 2894 hos

80 2931 213 2990 quoque·
228 2915 259 2974 in
282 2915 332 2976 his
356 2917 451 2977 rebus
475 2916 700 2983 antecessissc;
732 2914 860 2974 venisse
886 2915 926 2976 ad
946 2915 1097 2995 Perseus

79 2999 162 3074 apud
179 3015 259 3073 quos
275 3010 398 3060 summa·
409 2999 695 3061 leusessetiortitcr
709 2998 830 3076 venari,
852 2999 1010 3062 luxuriose
1024 3003 1068 3062 vi·

78 3098 169 3142 verca
192 3082 301 3144 borum
317 3085 364 3144 sie
379 3083 526 3145 imitatum
541 3081 804 3157 consuetudinem,
819 3089 853 3142 ut
867 3083 909 3142 illi
923 3085 984 3160 ipsi
999 3102 1069 3146 eum

78 3167 108 3226 in
124 3167 174 3227 lrls
194 3169 328 3228 maxime
348 3167 579 3229 admirarentur.
614 3166 731 3242 Quibus
745 3167 839 3227 rebus
855 3167 1014 3244 effecisse,
1036 3176 1097 3232 uto

79 3251 164 3326 apud
180 3267 387 3328 quoscunque
401 3259 487 3314 esset
500 3253 645 3328 princeps
661 3255 829 3325 poneretur
842 3250 1069 3330 habereturque

79 3334 270 3397 carissinus.
294 3335 357 3398 Sed
372 3336 447 3397 satis
463 3336 592 3406 deltam
615 3335 752 3411 reliquos
768 3335 931 3396 ordiamur.

455 3513 671 3528 mu
