2556 3994
202 253 245 322 oo
266 250 358 315 xvu.
375 232 825 312 acasiuauss.'xvn1.
839 237 1071 308 eumenus,
1088 253 1155 334 ao.

204 406 234 466 iu
257 410 380 480 portum
402 401 455 478 qui
476 397 607 460 Menelai
629 403 758 458 vocatur
779 397 884 466 iacens
906 397 984 458 iuter
1002 397 1143 474 Cyrenas
1170 407 1199 458 et

66 473 80 508 '¹
172 492 389 563 tAegypturn,
405 486 437 546 in
451 483 591 544 morbum
609 479 774 560 implicitus
786 479 931 542 decessit.
956 481 1001 540 lbi
1014 495 1085 566 eum
1097 484 1198 557 arnioi,

179 639 181 644 ,
206 587 269 648 quo
285 569 426 646 Spartam
440 567 560 630 facilius
576 564 715 639 perferre
729 571 867 640 possent,
889 564 975 638 quod
989 565 1048 622 mel
1063 580 1129 626 non
1143 565 1198 626 lra-

204 654 332 730 bebant‚
355 667 427 714 cera
441 647 703 710 circumfuderunt
716 655 809 720 atque
822 648 864 708 ita
879 649 1001 708 domum
1016 650 1198 710 retulerunt

600 839 806 850 ...η--α-α-ι

404 1027 541 1126 xviii.
578 1023 917 1132 lunulas

178 1237 191 1296 l
206 1197 370 1304 ssuuuuus,
395 1233 574 1294 Cardianus.
601 1231 700 1292 Huius
720 1231 747 1290 si
762 1231 863 1292 virtuti
877 1247 934 1305 par
948 1231 1020 1290 data
1034 1238 1122 1293 esset
1136 1234 1196 1294 lor

206 1326 295 1390 tuna,
321 1331 383 1376 non
399 1317 448 1374 ille
474 1316 598 1392 quidem
619 1315 716 1374 maior
738 1315 794 1374 sed
817 1316 910 1375 multo
932 1314 1080 1376 illustrior
1100 1323 1199 1392 atque

207 1401 297 1462 etiam
314 1399 507 1474 honoratior,
533 1397 617 1474 quod
631 1413 761 1472 magnos
777 1397 917 1460 homines
930 1397 1198 1460 virtulenretimur
1266 1423 1267 1434 ¹

177 1495 267 1548 anon
283 1484 414 1544 iortuna.
435 1483 512 1542 llam
527 1498 598 1544 oum
613 1488 698 1541 aetas
715 1481 781 1542 eius
793 1481 952 1542 incidisset
965 1481 994 1540 in
1007 1498 1044 1542 ea
1054 1488 1197 1562 tempora

208 1567 319 1644 quibus
334 1565 523 1628 Macedones
538 1563 700 1638 florerent,
716 1566 841 1628 multum
857 1565 884 1624 ei
900 1565 1032 1626 detraxit
1045 1566 1125 1626 inter
1140 1583 1196 1628 eos

209 1651 321 1714 viventi
337 1649 421 1726 quod
436 1649 554 1711 alienae
569 1655 634 1708 erat
648 1648 787 1723 ciuitau's,
801 1663 904 1724 neque
919 1649 1001 1708 aliud
1015 1647 1087 1712 huic
1099 1651 1199 1712 deluit

177 1746 299 1813 squam
314 1748 469 1810 generosa
483 1734 588 1806 stirps.
614 1731 681 1792 Etsi
692 1732 747 1798 ¹ille
760 1732 929 1792 domestico
946 1748 1064 1794 summo
1080 1749 1198 1808 genere

208 1827 290 1892 erat,
321 1824 420 1879 tamen
434 1815 621 1877 Macedones
642 1831 712 1875 eum
733 1815 791 1874 sibi
809 1816 974 1890 aliquando
991 1817 1137 1892 anteponi
1151 1819 1197 1878 in-

209 1903 300 1975 digne
325 1900 472 1976 serebant,
487 1915 589 1974 neque
610 1906 709 1960 tamen
730 1916 792 1960 non
813 1899 1015 1974 patiebantur.
1042 1902 1198 1963 vincebat

208 1985 290 2044 enim
304 1983 403 2046 omnis
419 1999 500 2056 cura,
516 1982 679 2056 uigilantia,
695 1982 849 2058 patientia,
866 1983 1028 2044 calliditate
1043 1991 1072 2044 el
1087 1987 1194 2046 eeleri-

178 2073 268 2132 ⁴itate
283 2066 404 2142 ingenii.
440 2065 497 2126 Hic
512 2066 817 2140 peradulescentulus
832 2067 872 2126 ad
887 2067 1046 2128 amicitiam
1060 2070 1197 2130 accessit

207 2151 348 2228 Philippi,
363 2149 516 2228 Amyntae
532 2149 600 2216 filli,
616 2149 763 2226 brevique
778 2158 915 2226 tempore
930 2151 960 2210 in
974 2152 1108 2216 intimam
1123 2169 1196 2227 per·

207 2237 291 2298 uenit
311 2233 552 2295 familiaritatem.
579 2231 728 2308 Fulgebat
748 2234 826 2294 enim
843 2235 902 2294 iam
916 2235 946 2292 in
962 2237 1195 2298 adudesoeutulo

179 2321 329 2380 biodoles
354 2317 482 2378 virtutis.
519 2319 625 2392 ltaque
647 2331 714 2378 eum
736 2315 842 2378 habuit
865 2317 906 2376 ad
926 2313 1049 2380 manum
1074 2320 1196 2379 scribae

208 2405 289 2463 loco.
318 2399 407 2475 Quod
427 2402 521 2460 multo
544 2400 627 2476 apud
643 2400 751 2460 Graios
771 2399 1023 2462 honorificentius
1039 2409 1088 2463 est
1102 2420 1194 2480 quam

209 2484 293 2560 apud
313 2483 480 2544 Romanos.
513 2483 651 2557 Namque
661 2483 756 2560 'apud
778 2499 834 2544 nos
858 2484 994 2560 revera,
1018 2487 1097 2564 sicut
1110 2495 1195 2562 sunt,

208 2567 389 2629 mercenarii
404 2566 524 2627 scribae
540 2565 765 2638 existimamur,
783 2575 813 2628 at
828 2569 912 2641 apud
924 2569 994 2629 illos
1009 2585 1027 2630 e
1042 2570 1193 2632 conuano

208 2669 299 2714 nemo
315 2651 402 2714 adid
417 2649 552 2712 officium
568 2650 732 2712 admittitur
744 2651 804 2710 nisi
816 2651 950 2712 honesto
965 2653 1034 2714 loco
1050 2661 1080 2714 et
1090 2627 1153 2716 nde
1164 2661 1194 2716 et

208 2737 358 2798 industria
379 2733 512 2810 cognita,
536 2734 619 2809 quod
642 2749 771 2794 necesse
786 2741 834 2794 est
848 2735 982 2796 omnium
997 2737 1192 2798 consiliorum

176 2828 279 2886 deum
300 2835 371 2880 esse
391 2817 580 2894 participem.
615 2817 704 2878 Hunc
718 2821 821 2879 locam
834 2819 931 2880 tenuit
945 2821 1094 2882 amicitiae
1110 2823 1192 2896 apud

207 2903 383 2980 Philippum
398 2917 495 2962 annos
511 2909 639 2976 septem.
661 2901 714 2968 llio
729 2901 887 2963 interiecta
903 2904 1013 2964 eodem
1027 2905 1126 2980 gradu
1139 2905 1193 2966 luit

210 2987 293 3064 apud
314 2987 522 3046 Alexandrum
546 3001 645 3046 annos
670 2984 824 3046 tredecim.
855 2985 1030 3050 Novissima
1056 2996 1192 3064 tempore
1266 2983 1267 2996 ¹

208 3069 340 3148 praefuit
357 3069 446 3128 etiam
460 3071 573 3130 alterae
588 3069 723 3144 equitum
738 3069 805 3128 alae
820 3086 899 3145 quac
912 3071 1072 3133 Hetaerice
1087 3075 1191 3146 appel·

207 3154 336 3216 labatur.
354 3152 482 3226 Utrique
493 3158 593 3212 autem
602 3153 636 3213 in
648 3153 776 3214 consilio
788 3169 911 3228 semper
922 3153 1008 3216 alluit
1018 3161 1049 3214 et
1059 3156 1191 3218 omnium

207 3254 311 3298 rerum
323 3235 444 3296 habitus
460 3242 508 3296 est
521 3236 687 3311 particeps.
769 3265 771 3275 v

167 3329 192 3386 ll
292 3319 469 3392 Alexandro
484 3319 645 3398 Babylone
661 3327 797 3395 mortuo,
813 3336 881 3381 oum
895 3335 991 3396 regna
1005 3321 1134 3398 singulis
1149 3323 1189 3382 ia·

208 3405 375 3466 miliaribus
401 3403 634 3478 dispertirentur
655 3411 685 3464 et
707 3419 825 3464 summa
848 3419 948 3464 rerum
974 3404 1086 3466 tradita
1110 3415 1191 3466 esset

209 3488 323 3548 tuenda
343 3487 443 3548 cidem
458 3487 507 3548 cui
521 3487 697 3546 Alexander
710 3490 844 3550 moriens
858 3487 980 3548 anulum
996 3504 1086 3552 suum
1098 3487 1189 3550 dede·
