2556 3994
193 239 257 304 let
425 241 519 306 XXV.
544 242 755 306 alricus.
779 251 821 306 le
839 251 881 306 1⁹.
896 251 940 306 20.

162 401 272 470 iquos
287 393 423 456 honores
439 397 615 472 quibusque
629 396 820 472 temporibus
833 397 986 472 cepisset,
1008 396 1074 472 pari
1089 397 1187 460 mode

191 477 329 540 Marcelli
345 478 462 542 claudii
477 480 517 540 de
530 479 754 552 Marcellorum,
771 479 926 556 Scipionis
940 480 1071 542 Cornelii
1085 488 1117 541 ct
1126 480 1186 542 Fa-

192 562 235 622 bii
249 562 375 623 Maximi
388 563 552 624 Fabiorum
574 572 605 623 et
617 562 828 625 Aemiliorum.
860 563 979 638 Quibus
1000 563 1086 624 libris
1110 565 1186 624 nibil

191 653 296 722 potest
320 662 392 706 esse
417 648 538 708 dulcius
563 647 601 706 iis
623 646 675 721 qui
696 647 832 722 aliquam
853 646 1050 726 cupiditatem
1071 648 1187 708 habent
1245 635 1258 662 ⁸

162 731 317 792 §notitiae
329 732 480 792 clarorum
491 731 636 792 virorum.
659 730 767 804 Attigr‘t
779 732 1067 807 quoquepoeticen
1085 733 1186 792 credi-

192 831 277 886 muS,
299 829 339 874 ne
353 816 419 874 eius
442 830 558 890 expers
580 820 665 874 esset
678 815 850 876 suavitatis.
886 815 1026 892 Namque
1039 816 1187 876 versibus

194 899 246 974 qui
267 897 385 958 bonore
405 911 571 974 rerumque
591 905 747 972 gestarum
767 899 966 974 amplitudine
987 907 1109 960 umeros
1124 901 1183 962 Re·

161 987 181 1042 6
193 981 274 1042 mani
295 982 402 1066 populi
425 983 642 1058 praestiterunt
656 983 801 1056 exposuit
814 985 857 1044 ila
871 989 906 1043 ut
919 984 978 1045 sub
993 984 1187 1058 singulorum
1270 1023 1271 1036 t

193 1065 377 1140 imaginihus
393 1068 474 1126 lacta
487 1067 748 1142 magistratusque
762 1082 869 1128 eorum
885 1083 947 1127 non
962 1068 1093 1142 amplius
1110 1085 1186 1142 qua·
1270 1069 1271 1154 i

192 1150 287 1210 ternis
310 1151 474 1226 quinisque
490 1151 631 1210 versibus
647 1150 856 1224 descripserit
886 1149 975 1224 Quod
988 1152 1041 1210 vix
1056 1152 1186 1212 creden·
1270 1175 1271 1226 l

193 1235 266 1296 dum
287 1234 327 1293 sit
347 1241 448 1294 tantas
466 1249 519 1294 res
539 1243 601 1296 tam
624 1233 758 1293 breviter
778 1233 920 1308 potuisse
943 1235 1102 1295 declarari.
1130 1236 1188 1298 Est

192 1317 284 1378 etiam
294 1333 375 1378 unus
387 1318 464 1378 liber
476 1318 593 1380 Graece
605 1319 774 1391 conlectus,
788 1317 827 1377 de
837 1319 1003 1378 consulatu
1016 1319 1185 1380 Cicereius.

149 1447 221 1510 xiil
307 1447 465 1508 Hactenus
486 1449 588 1508 Attico
614 1449 686 1509 vivo
714 1449 797 1508 edita
818 1465 836 1508 a
857 1448 948 1508 nobis
970 1454 1051 1508 sunt.
1089 1449 1185 1524 Nunc,

193 1533 483 1610 quoniam-tortuna
504 1548 563 1592 nos
586 1533 768 1610 superstites
794 1533 821 1591 ei
840 1547 912 1593 esse
932 1533 1044 1608 voluit,
1067 1534 1188 1608 reliqua
1270 1591 1271 1598 ,

193 1631 417 1693 persequemur
446 1624 476 1675 et
505 1623 650 1690 quantum
684 1617 872 1691 potuerimus
901 1631 1004 1702 rerum
1032 1619 1185 1696 exemplis
1270 1611 1271 1630 ¹

193 1703 326 1762 lectores
342 1699 539 1775 docebimus,
555 1701 634 1760 sieut
649 1715 745 1775 supra
759 1698 1011 1782 significavimus,
1029 1715 1104 1760 suos
1122 1703 1185 1760 cui·

162 1795 255 1870 nque
276 1801 378 1846 mores
399 1785 766 1862 plerumque-conciliare
784 1785 946 1846 fortunam.
982 1785 1121 1860 Namque
1136 1785 1186 1844 hic
1218 1813 1222 1820 ·

194 1875 356 1930 contentus
382 1868 489 1928 ordine
511 1868 646 1944 equestri
671 1885 732 1944 quo
756 1875 821 1928 crat
844 1875 928 1929 ortus
952 1867 982 1927 in
1008 1867 1188 1929 affinitatem
1270 1927 1271 1960 ¹

193 1953 334 2028 pervenit
355 1951 549 2028 imperatoris
565 1951 633 2012 Divi
655 1951 724 2026 filli,
748 1967 817 2011 cum
835 1951 895 2012 iam
913 1959 983 2010 ante
999 1953 1185 2011 familiarita—
1270 1965 1271 2038 ᾗ

192 2045 255 2098 lem
277 2036 344 2096 eius
368 2042 453 2095 esset
472 2043 657 2098 consecutus
680 2037 762 2096 nulla
785 2036 899 2094 aliare
921 2051 1012 2111 quam
1034 2037 1187 2110 elegantia
1270 2053 1271 2070 ¹

192 2121 275 2180 vitae
289 2135 350 2194 qua
366 2124 485 2180 ceteros
501 2128 627 2194 ceperat
641 2115 797 2196 principes
810 2120 938 2180 civitatis
952 2119 1097 2194 dignitate
1110 2121 1185 2196 pari,
1270 2159 1271 2236 1

163 2205 317 2264 δῐοηιιηα
336 2201 508 2265 humiliore.
541 2205 639 2264 Tanta
652 2203 732 2264 enim
747 2204 939 2280 prosperitas
957 2203 1122 2264 Caesarem
1137 2211 1185 2264 est
1270 2239 1271 2280 t

193 2293 373 2362 consecula,
391 2292 425 2347 ut
438 2287 512 2348 nihil
529 2287 557 2348 ei
572 2304 633 2348 non
649 2287 788 2358 tribuerit
802 2287 925 2349 lortuna
941 2287 1026 2364 quod
1042 2289 1186 2362 cuiquam
1270 2283 1271 2344 l

134 2415 136 2418 -
194 2378 266 2432 aute
288 2371 429 2432 detulerit
449 2377 480 2432 ct
501 2371 669 2433 conciliarit
691 2373 776 2447 quod
797 2387 887 2432 nemo
910 2371 1010 2432 adhuc
1032 2371 1107 2432 civis
1123 2373 1185 2432 Ro·
1270 2385 1271 2400 ¹

166 2463 306 2517 emanas
329 2453 426 2529 quivit
447 2457 607 2531 consequi.
643 2457 719 2518 Nata
734 2462 782 2516 est
797 2463 897 2516 aulem
911 2455 1012 2519 Attico
1028 2457 1129 2530 neptis
1146 2471 1188 2514 cx
1270 2475 1271 2490 2

192 2537 334 2614 Agrippa
355 2537 404 2598 cui
426 2537 573 2614 virginem
589 2540 682 2600 liliam
698 2542 873 2600 collocarat.
902 2539 989 2600 Hanc
1004 2539 1116 2600 Caesar
1131 2539 1188 2597 vix

68 2659 83 2700 ,
194 2623 366 2684 anniculam
380 2617 501 2683 Tiberio
517 2623 645 2684 claudio
659 2623 771 2684 Neroni
786 2625 920 2685 Drusilla
935 2631 1022 2699 nato,
1043 2621 1204 2698 privigno
1270 2609 1271 2648 ¹

194 2723 269 2780 sue,
292 2706 468 2783 despondit.
504 2705 588 2782 Quae
610 2709 784 2769 coniunctio
802 2709 1063 2786 necessitudinem
1078 2721 1186 2767 eorum
1270 2719 1271 2724 ’

196 2792 306 2864 sanxit,
324 2791 557 2854 familiaritatem
570 2793 704 2855 reddidit
712 2793 968 2878 'frequentiorem

149 2909 207 2972 XX
300 2908 446 2980 Quamvis
472 2917 542 2971 ante
566 2910 645 2972 baec
665 2911 826 2986 sponsalia
847 2927 910 2971 non
933 2911 1034 2972 solum
1056 2923 1126 2968 cum
1149 2912 1188 2968 ab

161 3057 175 3075 ,
193 2991 271 3052 urbe
295 2991 435 3066 abesset,
462 3010 631 3069 numquam
654 2996 696 3056 ad
714 3006 842 3056 suorum
864 3007 1051 3070 quemquam
1070 2991 1188 3051 litteras

192 3075 277 3136 misit
296 3075 373 3150 quin
388 3077 490 3138 Attico
504 3079 636 3140 mitteret
651 3079 725 3154 quid
737 3085 859 3154 ageret,
882 3076 1035 3152 inprimis
1050 3074 1127 3150 quid
1142 3076 1185 3134 le·

193 3167 281 3236 geret
301 3159 478 3235 quibusque
503 3162 534 3222 in
554 3163 632 3223 locis
654 3170 685 3222 cl
707 3177 799 3238 quam
822 3163 875 3222 diu
896 3168 981 3222 esset
999 3167 1187 3230 moraturus,

165 3244 254 3306 asad
274 3244 365 3304 eumn
386 3259 456 3322 cam
471 3255 556 3307 esset
570 3247 600 3306 in
616 3247 692 3306 urbe
706 3252 737 3308 ct
750 3251 878 3322 propter
893 3245 1027 3306 inlinitas
1043 3257 1118 3304 suas
1134 3255 1188 3306 cc-

163 3373 166 3379 .
196 3328 381 3402 capadoces
410 3327 513 3391 minus
541 3346 638 3406 saepe
663 3334 757 3405 quam
780 3327 999 3394 vellet-allice
1024 3328 1187 3398 lauerdur,

192 3413 298 3485 nullam
321 3411 389 3475 dies
410 3419 525 3480 temere
541 3414 717 3474 intercessit
731 3428 794 3488 quo
808 3429 871 3474 noa
887 3413 928 3474 ad
941 3427 1012 3472 eum
1027 3409 1187 3481 sorduerat,

188 3509 266 3554 cram
287 3493 382 3556 modo
397 3491 518 3568 aliquid
539 3497 580 3556 de
600 3498 779 3572 antiquitate
795 3496 839 3556 ab
854 3513 893 3557 eo
908 3495 1078 3570 requireret
1093 3492 1188 3552 litltlllt
