2534 4010
239 209 244 217 ’
334 227 810 318 v11.acclcrlnas.r.s.
1025 235 1084 308 tt

79 411 135 458 cos
152 413 228 460 suos
243 397 475 474 telunupesstt,
492 398 577 472 quod
591 396 690 458 eldaa
705 395 811 458 hostes
822 403 929 458 essent
939 395 1070 464 einum

79 497 151 540 nam
174 497 245 544 cum
264 479 476 557 mtellegerent
496 497 532 542 se
551 479 715 556 plurimum
736 480 889 555 prodesse
909 494 1006 555 posse
1026 479 1070 540 rei

80 564 241 639 publicae,
264 580 305 627 ex
325 581 363 626 eu
380 565 512 627 eiecisse
525 566 660 640 plusque
674 565 739 626 irae
753 579 830 624 suae
845 579 937 640 quarn
954 560 1070 624 utilitati

81 648 236 710 commrmi
257 649 410 722 paruisse.
441 648 666 723 ¹ltaquehuius
686 648 816 709 consilio
834 645 1096 708 Lacedaemonii?

82 747 153 794 cuer
167 732 262 792 Perse
275 744 350 806 rege
363 733 525 794 amicitiam
540 733 687 805 lecerunt,
709 732 779 792 dein
793 732 956 794 Deceleam
969 731 1001 789 ia
1015 732 1070 792 At-

80 815 573 890 ticaamunieruntpraesidioque
593 815 635 876 ibi
655 824 806 890 perpetuo
823 815 925 889 posito
940 815 971 875 in
987 813 1097 884 obsi,

82 901 178 960 dione
190 897 329 962 amenas
344 905 514 960 tenuenmt
536 898 682 960 Eiusdem
696 914 793 974 opera
806 898 921 958 Ioniam
938 915 957 958 a
972 897 1071 960 socie-

82 991 145 1044 tate
159 989 333 1048 averteruat
346 983 586 1044 Atheniensium.
609 981 676 1056 Quo
692 983 772 1044 lactc
786 983 880 1042 multo
897 983 1076 1057 superiores

81 1067 166 1126 hcllc
179 1079 254 1124 esse
267 1074 444 1141 coeperunt.
507 1110 509 1114 -

168 1147 277 1222 Neque
297 1165 372 1210 vero
392 1149 445 1210 his.
459 1149 554 1211 rebus
568 1156 630 1210 mm
646 1149 734 1208 amici
748 1148 899 1208 Alcibiadi
914 1153 985 1208 sunl
1000 1148 1071 1210 iacti
1083 1149 1111 1206 V
1146 1181 1150 1190 -

84 1245 178 1304 quarn
192 1231 300 1292 umore
319 1233 358 1292 ab
371 1249 410 1294 eo
428 1233 559 1294 alienati.
587 1233 662 1294 Nam
677 1248 746 1294 cum
760 1232 899 1292 acerrimi
912 1231 970 1292 viri
984 1247 1073 1307 prae·

83 1319 216 1374 stantem
230 1315 422 1390 prudentiam
435 1317 467 1376 in
483 1317 623 1378 carnibus
637 1317 732 1376 rebus
746 1320 981 1389 cognoscerent,
1003 1330 1072 1391 per·

83 1397 264 1473 timuerunt,
286 1413 326 1458 ne
347 1400 472 1465 caritate
496 1401 613 1474 patriae
634 1400 743 1460 duetus
760 1397 925 1473 aliquunde
941 1399 979 1458 cb
994 1399 1072 1474 ipsis

70 1479 277 1543 ‘descisceret
289 1489 320 1541 et
334 1499 403 1544 cum
417 1483 485 1544 suis
498 1486 527 1543 in
542 1483 670 1567 gratiam
684 1481 809 1542 rediret
830 1482 938 1556 tuque
950 1488 1072 1558 tempus

85 1564 153 1624 eius
168 1563 372 1626 interficiundi
385 1567 751 1642 quaerereinstiluerunt.
772 1565 808 1626 ld
818 1566 994 1628 Alcibiades
1007 1567 1100 1628 diu-t

85 1647 146 1706 tius
161 1649 253 1710 caan
269 1665 330 1710 noc
346 1651 453 1724 potnit.
485 1651 559 1712 Erat
572 1651 652 1712 eninr
666 1666 705 1710 ea
719 1649 901 1723 sagacitate,
922 1654 956 1708 ut
970 1649 1072 1722 decipi

84 1746 146 1790 uon
163 1739 281 1805 posset,
295 1731 477 1807 praesertim
490 1749 560 1794 eum
575 1734 708 1794 animum
719 1732 901 1794 accedisset
911 1731 952 1790 ad
963 1747 1073 1792 caven·

85 1813 169 1874 dum.
190 1815 299 1889 ltaque
312 1817 352 1877 ad
366 1817 618 1892 Tissaphernem·
631 1818 820 1891 praelectum
833 1815 916 1890 regis
930 1815 1023 1888 Dari,
1038 1831 1073 1878 se

86 1899 221 1958 contulit
252 1899 344 1960 Cuius
368 1916 438 1962 cum
458 1901 489 1960 in
502 1899 638 1960 intimam
659 1899 820 1960 amicitiam
834 1899 1029 1974 pervenisset
1043 1907 1101 1968 etc

84 1980 318 2044 Atheniensium
331 1985 410 2044 male
425 1984 521 2059 gestis
534 1981 682 2044 insistite
694 1983 788 2042 rebus
804 1998 881 2059 opes
897 1995 1072 2057 senescere,

86 2071 194 2126 contm
205 2065 520 2128 Lacedaemoniorum
536 2081 677 2128 crescere
690 2066 817 2141 videret,
839 2067 924 2136 initio
940 2082 1009 2128 cum
1023 2066 1071 2126 Pi·

85 2149 200 2208 sandrc
217 2155 368 2223 praetore,
385 2151 438 2226 qui
452 2152 536 2226 apud
549 2151 672 2212 Surnum
684 2151 851 2210 exereitum
858 2149 1000 2223 habehat,
1016 2165 1073 2224 per

84 2229 289 2292 internuntios
304 2235 490 2310 colloquitur
505 2235 590 2294 etde
602 2233 703 2294 reditu
719 2233 776 2293 suc
791 2232 864 2292 lucit
875 2233 1069 2294 mentionem.

83 2313 155 2376 Erat
169 2315 251 2376 enim
265 2316 375 2377 eodem
391 2335 454 2392 qua
469 2317 654 2378 Alcibiades
662 2330 773 2390 sensu,
795 2314 903 2392 populi
917 2316 1071 2390 potentiae

83 2413 144 2458 nan
160 2397 288 2471 armeus,
304 2406 335 2459 et
349 2402 538 2475 optimatitun
552 2402 664 2460 fautor.
690 2399 740 2460 Ab
755 2399 815 2481 hoc
831 2397 994 2460 destitutus
1009 2399 1101 2478 pri-„4

83 2497 165 2541 raum
181 2497 237 2556 per
251 2482 494 2560 Thrasybulum,
506 2484 584 2560 Lyci
601 2483 705 2558 lilium,
721 2483 759 2543 ab
775 2482 911 2545 exercitu
924 2483 1071 2559 recipitur

82 2572 271 2638 praetorque
286 2565 319 2626 fit
333 2569 417 2641 apud
434 2566 573 2640 Samum,
595 2573 668 2642 post
682 2565 870 2641 suffragante
883 2566 1071 2628 Theramene

42 2707 44 2711 ,
82 2648 270 2722 populiscitu
291 2650 459 2711 restituitur
479 2651 609 2726 parique
623 2649 737 2710 absens
746 2649 879 2724 'imperio
894 2649 1076 2724 praeficitur·

82 2731 175 2790 simul
195 2747 264 2792 cum
277 2731 519 2810 Thrasyanlcet
531 2735 730 2794 Theramene.
764 2733 880 2794 Horum
896 2731 927 2792 in
942 2731 1099 2808 imperior»
1162 2747 1165 2751 ·

82 2821 166 2874 tuate
188 2816 384 2886 commutatio
399 2832 499 2876 reanum
516 2819 597 2877 lecta
613 2822 676 2888 est,
697 2822 732 2878 ut
744 2815 995 2892 Lacedaemonii,
1018 2817 1071 2892 qui

81 2897 177 2972 paulo
198 2905 270 2974 ante
287 2899 421 2962 dotores
436 2901 611 2974 riguerunt,
633 2899 785 2975 perterriti
799 2915 908 2974 pacem
920 2906 1069 2976 peterent.

80 2981 162 3042 Victi
178 2981 259 3042 anim
274 2989 361 3042 erant
376 2983 656 3062 qmnqneproetiis
671 2983 885 3056 terrestribus,
904 2983 1002 3044 trihus
1016 2999 1070 3046 na-

80 3064 219 3139 valibus,
247 3065 278 3126 ia
308 3067 421 3140 quihus
447 3066 598 3126 maenas
622 3065 709 3126 nauis
737 3066 868 3137 triremis
894 3067 1069 3140 emiserant,
1172 3124 1175 3128 ,

81 3162 166 3224 qaae
185 3154 297 3224 capue
309 3149 339 3209 in
354 3149 490 3212 hostium
503 3143 653 3210 venerant
667 3148 859 3225 potestatem.
893 3150 1099 3212 Alcitmdest

79 3231 173 3292 simul
189 3247 259 3292 curn
273 3233 402 3307 collegis
416 3241 578 3308 receperat
589 3232 722 3308 ioniam,
737 3233 978 3308 Hellespontum,
993 3234 1069 3294 mul-

79 3321 127 3376 tas
143 3321 305 3388 praeterea
320 3317 415 3377 arbec
427 3317 571 3388 Graecas,
586 3316 711 3392 quaein
726 3331 782 3378 ora
792 3316 871 3376 sitae
884 3323 955 3376 sunt
964 3316 1087 3391 triow

45 3476 46 3482 ἵ
81 3413 214 3472 quarum
227 3405 443 3473 expugnarant
452 3401 641 3474 complures
654 3400 686 3460 in
700 3399 953 3478 haspreadum,
967 3410 1070 3473 nequ

79 3481 183 3542 nunus
198 3482 309 3542 mtdtae
324 3481 509 3544 consiliaad
522 3483 686 3544 amicitiam
700 3483 917 3556 adiunxerant,
939 3481 1087 3557 quatiunt
