2534 4010
175 209 219 280 to
292 215 331 281 x.
352 215 534 280 monia
563 217 614 278 ru.
642 199 933 281 rruicnnrns.
955 227 1020 284 aa

146 369 318 433 {merentis
331 375 365 432 ut
379 369 547 431 sceleratos
559 367 712 429 occidunt.
737 367 835 430 Huius
846 369 886 429 de
900 377 999 432 morte
1012 375 1046 431 ut
1060 370 1168 445 palam

176 453 287 514 lactum
302 459 359 527 est,
375 451 551 513 mirabiliter
564 452 649 528 vulgi
660 459 774 513 rnulata
787 460 835 513 est
844 454 997 514 voluntas.
1018 453 1098 513 Nam
1111 453 1166 528 qui

174 538 279 597 vivum
294 552 363 596 eum
373 543 537 614 tyranrmm
548 535 719 596 vocitarent
730 535 830 596 eidem
840 537 1033 597 liberatorem
1044 537 1167 614 patriae

175 621 360 698 tyrannique
381 621 577 695 expulsorem
598 620 825 694 praedicabant.
855 619 907 689 Sic
929 619 1030 680 subito
1045 619 1168 681 miscri-

177 704 283 765 cordia
294 704 366 764 0dio
378 709 580 778 successerat,
587 710 621 763 ut
632 718 701 764 eum
713 719 771 764 suo
780 705 930 778 sanguine
940 703 1168 764 abAcherunte

147 787 204 848 esi
218 793 349 863 possent
362 792 509 862 cuperent
523 787 683 846 redimere.
704 785 811 861 Itaque
826 788 856 846 iu
870 787 946 847 urbe
961 788 1167 848 celeberrimo

177 873 246 932 loco
261 871 359 931 elatus
373 869 495 946 publice
510 870 642 946 sepulcri
653 876 848 931 monumento
860 870 992 934 donatus
1004 878 1061 930 cst.
1078 869 1168 930 Diem

178 953 252 1016 obiit
272 954 392 1014 circiter
406 969 504 1014 annos
521 954 739 1028 quinquaginta
751 955 897 1029 quinque
917 961 1007 1015 natus
1024 962 1166 1028 quartum

177 1043 249 1114 post
263 1053 374 1098 annum
391 1053 482 1113 quam
497 1053 537 1097 ex
550 1037 765 1129 Peloponneso
781 1037 811 1097 in
826 1036 960 1098 Siciliam
974 1038 1146 1098 redierant

588 1287 772 1296 ----—--.

404 1507 472 1601 xr.
532 1503 898 1646 rruronlrus

155 1669 369 1781 linmcnnrss,
390 1708 595 1780 Atheniensis
619 1721 680 1766 non
696 1713 756 1766 tam
771 1679 979 1782 nragnitudine
993 1721 1094 1767 rerum
1112 1721 1168 1787 ge-
1259 1753 1260 1768 .

178 1796 291 1850 starum
307 1807 398 1864 quam
413 1793 576 1868 disciplina
589 1790 708 1850 militari
722 1790 897 1850 nobilitatus
913 1795 969 1848 est.
1001 1789 1069 1850 Fuit
1083 1793 1166 1852 enim

176 1871 245 1934 talis
262 1872 334 1948 dux,
348 1882 456 1936 utnon
472 1877 570 1936 solum
586 1873 693 1934 aetatis
708 1889 784 1934 suae
800 1889 867 1934 curn
885 1872 988 1948 primis
1003 1877 1166 1949 cdmpara-

177 1960 295 2016 rarelur
309 1957 365 2016 sed
381 1975 420 2017 ne
436 1959 476 2018 de
489 1958 656 2018 maioribus
671 1963 744 2018 natu
760 1957 885 2032 quidem
900 1956 1063 2031 quisquam
1078 1965 1165 2018 ante-

153 2045 355 2116 aponeretur.
376 2041 502 2101 Multum
514 2056 587 2101 vero
604 2042 634 2100 in
644 2040 726 2099 bello
739 2048 786 2101 est
796 2047 947 2113 versatus,
962 2054 1058 2115 saepe
1074 2056 1164 2101 exer-

177 2123 286 2184 citibus
301 2124 442 2198 praefuit,
464 2140 616 2198 nusquam
631 2125 721 2199 culpa
735 2125 814 2184 male
827 2139 892 2183 rcrn
907 2123 1019 2198 gessit,
1041 2139 1168 2200 semper

128 2267 133 2278 ,
178 2205 307 2268 consilio
321 2205 395 2269 vicit
413 2214 590 2284 tantumque
605 2208 766 2281 conciuit,
795 2215 827 2267 ut
843 2209 937 2267 multa
951 2207 981 2265 in
995 2221 1030 2265 rc
1044 2207 1166 2268 militari

153 2291 290 2366 apartim
305 2307 387 2364 nona
402 2293 532 2352 attulerit
546 2291 656 2367 partim
671 2291 797 2350 meliora
812 2291 926 2351 lecerit.
959 2289 1097 2364 Namque
1113 2291 1167 2351 illc

150 2377 170 2388 ''
177 2375 332 2451 pedestria
347 2391 431 2436 arma
445 2376 586 2448 mutavit,
608 2401 650 2418 ι-
671 2389 739 2435 cum
761 2381 830 2436 ante
844 2374 928 2434 illum
949 2373 1167 2448 imperatorem
1202 2417 1206 2420 -

177 2456 318 2517 maximis
334 2457 461 2533 clupeis,
482 2457 628 2526 brevibus
643 2457 755 2532 hastis,
778 2457 901 2518 minutis
916 2455 1028 2534 gladiis
1042 2464 1165 2518 uteren-

150 2547 241 2613 4tur‚
262 2539 313 2598 ille
328 2554 345 2599 e
360 2540 511 2600 contrario
528 2541 640 2615 peltam
653 2557 709 2616 pro
725 2557 832 2617 parma
845 2542 925 2616 lecit,
943 2556 1040 2622 aquo
1053 2549 1167 2617 postea

177 2623 326 2702 peltastae
347 2623 468 2700 pedites
489 2625 690 2699 appellantur,
710 2631 743 2685 ut
757 2626 797 2685 ad
810 2631 911 2686 motas
931 2631 1167 2699 concursusque

178 2713 284 2789 essent
296 2709 443 2783 leviores·
454 2708 562 2768 hastae
576 2708 700 2768 modum
715 2707 890 2784 duplicavit,
910 2707 1030 2783 gladios
1045 2707 1166 2784 longio-

176 2807 227 2852 res
253 2792 324 2852 lecit
346 2824 405 2868 -,
423 2792 509 2852 ilem
530 2806 627 2866 genus
648 2791 819 2866 loricarum,
840 2800 939 2868 etpro
960 2791 1050 2852 sertis
1072 2798 1167 2874 atque

177 2875 282 2935 aeneis
296 2874 406 2936 linteas
421 2875 514 2936 dedit.
535 2874 601 2948 Quo
618 2876 698 2936 laeto
713 2876 922 2952 expeditiores
937 2873 1047 2935 milites
1061 2875 1165 2935 reddi-

178 2957 231 3020 dit
258 2956 334 3017 Nam
347 2959 486 3034 pondere
501 2959 739 3033 detractoquod
761 2974 859 3034 acque
874 2974 989 3034 corpus
1003 2963 1123 3032 tegeret
1136 2965 1168 3018 et

176 3042 246 3102 leve
260 3047 344 3101 esset
359 3043 485 3104 curavit.

143 3132 172 3196 11
261 3123 381 3185 Bellum
397 3111 639 3217 mmThrecibus
653 3125 760 3201 gessit,
775 3123 929 3198 Seuthem,
945 3123 1062 3186 socium
1069 3123 1164 3185 Athe·

176 3209 337 3283 niensium,
358 3205 530 3284 iir'regnum
543 3208 683 3270 restituit.
716 3209 810 3284 Apud
826 3209 1001 3270 Corinthum
1015 3215 1099 3268 tanta
1114 3223 1164 3268 se·

176 3291 303 3353 veritate
323 3292 473 3352 exercitui
494 3291 640 3368 praefuit,
659 3299 694 3354 ut
706 3293 809 3353 nullae
824 3308 969 3369 umquam
989 3291 1020 3352 in
1035 3290 1165 3350 Graecia

177 3391 280 3451 neque
301 3375 529 3438 exercitatiores
545 3375 655 3451 copiae
669 3391 771 3453 neque
785 3375 883 3458 magis
899 3377 980 3437 dicto
1003 3373 1166 3435 audientes

70 3533 72 3546 ,
178 3458 292 3519 tuerint
311 3457 397 3534 duci,
419 3459 450 3520 in
469 3473 601 3535 eamque
616 3460 867 3521 consuetudinem
883 3459 1024 3532 adduxit,
1047 3463 1079 3518 ut
1094 3473 1165 3518 eum
