<?xml version="1.0" encoding="UTF-8"?>
<!DOCTYPE html PUBLIC "-//W3C//DTD XHTML 1.0 Transitional//EN"
    "http://www.w3.org/TR/xhtml1/DTD/xhtml1-transitional.dtd">
<html xmlns="http://www.w3.org/1999/xhtml" xml:lang="en" lang="en">
 <head>
  <title>
</title>
<meta http-equiv="Content-Type" content="text/html;charset=utf-8" />
  <meta name='ocr-system' content='tesseract 3.04.00' />
  <meta name='ocr-capabilities' content='ocr_page ocr_carea ocr_par ocr_line ocrx_word'/>
</head>
<body>
  <div class='ocr_page' id='page_1' title='image "./liberdeexcellen00dietgoog_0084.png"; bbox 0 0 2556 3994; ppageno 0'>
   <div class='ocr_carea' id='block_1_1' title="bbox 349 193 1103 300">
    <p class='ocr_par' dir='ltr' id='par_1_1' title="bbox 349 193 1103 300">
     <span class='ocr_line' id='line_1_1' title="bbox 349 193 1103 300; baseline 0.008 -5"><span class='ocrx_word' id='word_1_1' title='bbox 349 234 454 296; x_wconf 86' lang='lat' dir='ltr'>xvm.</span> <span class='ocrx_word' id='word_1_2' title='bbox 483 231 713 296; x_wconf 79' lang='lat' dir='ltr'>numanus.</span> <span class='ocrx_word' id='word_1_3' title='bbox 735 241 802 300; x_wconf 80' lang='lat' dir='ltr'>aa</span> <span class='ocrx_word' id='word_1_4' title='bbox 1031 229 1072 300; x_wconf 81' lang='lat' dir='ltr'>tt</span> <span class='ocrx_word' id='word_1_5' title='bbox 1101 193 1103 199; x_wconf 61' lang='grc'><strong>’</strong></span> 
     </span>
    </p>
   </div>
   <div class='ocr_carea' id='block_1_2' title="bbox 70 385 1111 1550">
    <p class='ocr_par' dir='ltr' id='par_1_2' title="bbox 70 385 1111 1550">
     <span class='ocr_line' id='line_1_2' title="bbox 72 385 1071 464; baseline 0.001 -17"><span class='ocrx_word' id='word_1_6' title='bbox 72 387 217 458; x_wconf 83' lang='lat' dir='ltr'>desorto,</span> <span class='ocrx_word' id='word_1_7' title='bbox 234 400 315 461; x_wconf 86' lang='lat' dir='ltr'>quae</span> <span class='ocrx_word' id='word_1_8' title='bbox 329 400 420 446; x_wconf 88' lang='lat' dir='ltr'>nemo</span> <span class='ocrx_word' id='word_1_9' title='bbox 434 385 590 448; x_wconf 75' lang='lat' dir='ltr'>incolebat</span> <span class='ocrx_word' id='word_1_10' title='bbox 602 393 731 460; x_wconf 86' lang='lat' dir='ltr'>propter</span> <span class='ocrx_word' id='word_1_11' title='bbox 745 403 846 464; x_wconf 86' lang='lat' dir='ltr'>aquae</span> <span class='ocrx_word' id='word_1_12' title='bbox 856 387 1002 464; x_wconf 87' lang='lat' dir='ltr'>inopiam,</span> <span class='ocrx_word' id='word_1_13' title='bbox 1021 401 1071 448; x_wconf 71' lang='lat' dir='ltr'>ce</span> 
     </span>
     <span class='ocr_line' id='line_1_3' title="bbox 76 469 1071 545; baseline 0.001 -14"><span class='ocrx_word' id='word_1_14' title='bbox 76 481 178 531; x_wconf 88' lang='lat' dir='ltr'>lorum</span> <span class='ocrx_word' id='word_1_15' title='bbox 194 470 313 530; x_wconf 91' lang='lat' dir='ltr'>dierum</span> <span class='ocrx_word' id='word_1_16' title='bbox 328 475 392 530; x_wconf 88' lang='lat' dir='ltr'>erat</span> <span class='ocrx_word' id='word_1_17' title='bbox 406 470 471 528; x_wconf 91' lang='lat' dir='ltr'>lere</span> <span class='ocrx_word' id='word_1_18' title='bbox 486 469 603 543; x_wconf 89' lang='lat' dir='ltr'>decem,</span> <span class='ocrx_word' id='word_1_19' title='bbox 615 469 667 530; x_wconf 93' lang='lat' dir='ltr'>illa</span> <span class='ocrx_word' id='word_1_20' title='bbox 680 476 781 530; x_wconf 89' lang='lat' dir='ltr'>autem</span> <span class='ocrx_word' id='word_1_21' title='bbox 793 487 856 545; x_wconf 86' lang='lat' dir='ltr'>quo</span> <span class='ocrx_word' id='word_1_22' title='bbox 866 485 973 532; x_wconf 89' lang='lat' dir='ltr'>omnes</span> <span class='ocrx_word' id='word_1_23' title='bbox 989 485 1071 532; x_wconf 89' lang='lat' dir='ltr'>com-</span> 
     </span>
     <span class='ocr_line' id='line_1_4' title="bbox 75 551 1071 628; baseline 0.004 -16"><span class='ocrx_word' id='word_1_24' title='bbox 75 555 226 614; x_wconf 89' lang='lat' dir='ltr'>meabant</span> <span class='ocrx_word' id='word_1_25' title='bbox 250 555 346 614; x_wconf 86' lang='lat' dir='ltr'>altero</span> <span class='ocrx_word' id='word_1_26' title='bbox 367 559 452 613; x_wconf 89' lang='lat' dir='ltr'>tanto</span> <span class='ocrx_word' id='word_1_27' title='bbox 475 553 647 628; x_wconf 80' lang='lat' dir='ltr'><strong>longiorem</strong></span> <span class='ocrx_word' id='word_1_28' title='bbox 669 551 802 614; x_wconf 88' lang='lat' dir='ltr'>habebat</span> <span class='ocrx_word' id='word_1_29' title='bbox 821 556 992 616; x_wconf 77' lang='lat' dir='ltr'><strong>anfractum</strong></span> <span class='ocrx_word' id='word_1_30' title='bbox 1014 557 1071 616; x_wconf 93' lang='lat' dir='ltr'>sed</span> 
     </span>
     <span class='ocr_line' id='line_1_5' title="bbox 74 636 1101 714; baseline 0.005 -16"><span class='ocrx_word' id='word_1_31' title='bbox 74 647 145 698; x_wconf 87' lang='lat' dir='ltr'>erat</span> <span class='ocrx_word' id='word_1_32' title='bbox 166 636 297 713; x_wconf 86' lang='lat' dir='ltr'>copiosa</span> <span class='ocrx_word' id='word_1_33' title='bbox 318 636 516 712; x_wconf 89' lang='lat' dir='ltr'>omniumque</span> <span class='ocrx_word' id='word_1_34' title='bbox 535 651 638 698; x_wconf 88' lang='lat' dir='ltr'>rerum</span> <span class='ocrx_word' id='word_1_35' title='bbox 657 637 830 698; x_wconf 87' lang='lat' dir='ltr'>abundans.</span> <span class='ocrx_word' id='word_1_36' title='bbox 866 639 933 700; x_wconf 87' lang='lat' dir='ltr'>Hac</span> <span class='ocrx_word' id='word_1_37' title='bbox 955 637 983 698; x_wconf 91' lang='lat' dir='ltr'>si</span> <span class='ocrx_word' id='word_1_38' title='bbox 1000 649 1101 714; x_wconf 83' lang='lat' dir='ltr'>pro-6</span> 
     </span>
     <span class='ocr_line' id='line_1_6' title="bbox 74 719 1071 796; baseline 0.002 -14"><span class='ocrx_word' id='word_1_39' title='bbox 74 721 286 794; x_wconf 84' lang='lat' dir='ltr'>ficiseeretnr,</span> <span class='ocrx_word' id='word_1_40' title='bbox 307 719 504 794; x_wconf 80' lang='lat' dir='ltr'>intellegebat</span> <span class='ocrx_word' id='word_1_41' title='bbox 523 720 611 796; x_wconf 90' lang='lat' dir='ltr'>prius</span> <span class='ocrx_word' id='word_1_42' title='bbox 631 719 830 783; x_wconf 84' lang='lat' dir='ltr'>adversarios</span> <span class='ocrx_word' id='word_1_43' title='bbox 846 722 1015 783; x_wconf 86' lang='lat' dir='ltr'>rescituros</span> <span class='ocrx_word' id='word_1_44' title='bbox 1032 723 1071 784; x_wconf 92' lang='lat' dir='ltr'>de</span> 
     </span>
     <span class='ocr_line' id='line_1_7' title="bbox 75 803 1069 880; baseline 0 -14"><span class='ocrx_word' id='word_1_45' title='bbox 75 819 137 866; x_wconf 89' lang='lat' dir='ltr'>suo</span> <span class='ocrx_word' id='word_1_46' title='bbox 154 805 290 864; x_wconf 85' lang='lat' dir='ltr'>adventu</span> <span class='ocrx_word' id='word_1_47' title='bbox 302 819 394 878; x_wconf 84' lang='lat' dir='ltr'>quam</span> <span class='ocrx_word' id='word_1_48' title='bbox 405 804 474 878; x_wconf 86' lang='lat' dir='ltr'>ipse</span> <span class='ocrx_word' id='word_1_49' title='bbox 485 803 604 863; x_wconf 83' lang='lat' dir='ltr'>tertiam</span> <span class='ocrx_word' id='word_1_50' title='bbox 615 810 734 879; x_wconf 85' lang='lat' dir='ltr'>partem</span> <span class='ocrx_word' id='word_1_51' title='bbox 746 805 933 867; x_wconf 84' lang='lat' dir='ltr'>coniecisset</span> <span class='ocrx_word' id='word_1_52' title='bbox 943 804 1069 880; x_wconf 89' lang='lat' dir='ltr'>itineris,</span> 
     </span>
     <span class='ocr_line' id='line_1_8' title="bbox 70 887 1070 964; baseline 0.002 -16"><span class='ocrx_word' id='word_1_53' title='bbox 70 890 126 950; x_wconf 87' lang='lat' dir='ltr'>sin</span> <span class='ocrx_word' id='word_1_54' title='bbox 148 903 207 962; x_wconf 88' lang='lat' dir='ltr'>per</span> <span class='ocrx_word' id='word_1_55' title='bbox 226 889 297 948; x_wconf 88' lang='lat' dir='ltr'>loca</span> <span class='ocrx_word' id='word_1_56' title='bbox 316 887 385 948; x_wconf 87' lang='lat' dir='ltr'>sola</span> <span class='ocrx_word' id='word_1_57' title='bbox 399 888 611 962; x_wconf 83' lang='lat' dir='ltr'>contenderet,</span> <span class='ocrx_word' id='word_1_58' title='bbox 637 887 784 962; x_wconf 87' lang='lat' dir='ltr'>sperabat</span> <span class='ocrx_word' id='word_1_59' title='bbox 798 903 833 948; x_wconf 91' lang='lat' dir='ltr'>se</span> <span class='ocrx_word' id='word_1_60' title='bbox 847 889 1070 964; x_wconf 85' lang='lat' dir='ltr'>imprudentem</span> 
     </span>
     <span class='ocr_line' id='line_1_9' title="bbox 73 970 1097 1049; baseline -0.004 -17"><span class='ocrx_word' id='word_1_61' title='bbox 73 971 200 1032; x_wconf 86' lang='lat' dir='ltr'>hostem</span> <span class='ocrx_word' id='word_1_62' title='bbox 216 985 449 1048; x_wconf 83' lang='lat' dir='ltr'>oppressurum.</span> <span class='ocrx_word' id='word_1_63' title='bbox 471 972 521 1030; x_wconf 84' lang='lat' dir='ltr'>Ad</span> <span class='ocrx_word' id='word_1_64' title='bbox 536 970 616 1030; x_wconf 88' lang='lat' dir='ltr'>hanc</span> <span class='ocrx_word' id='word_1_65' title='bbox 627 986 693 1030; x_wconf 89' lang='lat' dir='ltr'>rem</span> <span class='ocrx_word' id='word_1_66' title='bbox 705 971 927 1033; x_wconf 84' lang='lat' dir='ltr'>conficiendam</span> <span class='ocrx_word' id='word_1_67' title='bbox 938 973 1069 1049; x_wconf 89' lang='lat' dir='ltr'>impera·</span> <span class='ocrx_word' id='word_1_68' title='bbox 1082 973 1097 1028; x_wconf 83' lang='grc'><strong>7</strong></span> 
     </span>
     <span class='ocr_line' id='line_1_10' title="bbox 73 1054 1068 1132; baseline 0.001 -16"><span class='ocrx_word' id='word_1_69' title='bbox 73 1056 119 1116; x_wconf 89' lang='lat' dir='ltr'>vit</span> <span class='ocrx_word' id='word_1_70' title='bbox 143 1070 237 1130; x_wconf 87' lang='lat' dir='ltr'>quam</span> <span class='ocrx_word' id='word_1_71' title='bbox 258 1055 406 1130; x_wconf 89' lang='lat' dir='ltr'>plurimos</span> <span class='ocrx_word' id='word_1_72' title='bbox 427 1054 503 1114; x_wconf 89' lang='lat' dir='ltr'>utris</span> <span class='ocrx_word' id='word_1_73' title='bbox 525 1060 616 1130; x_wconf 88' lang='lat' dir='ltr'>atque</span> <span class='ocrx_word' id='word_1_74' title='bbox 636 1057 727 1115; x_wconf 89' lang='lat' dir='ltr'>etiam</span> <span class='ocrx_word' id='word_1_75' title='bbox 748 1056 865 1116; x_wconf 88' lang='lat' dir='ltr'>culleos</span> <span class='ocrx_word' id='word_1_76' title='bbox 887 1059 1068 1132; x_wconf 87' lang='lat' dir='ltr'>comparari,</span> 
     </span>
     <span class='ocr_line' id='line_1_11' title="bbox 75 1137 1069 1215; baseline 0 -15"><span class='ocrx_word' id='word_1_77' title='bbox 75 1138 255 1215; x_wconf 87' lang='lat' dir='ltr'>posthaec</span> <span class='ocrx_word' id='word_1_78' title='bbox 285 1137 447 1213; x_wconf 87' lang='lat' dir='ltr'>pabulum,</span> <span class='ocrx_word' id='word_1_79' title='bbox 487 1146 649 1212; x_wconf 88' lang='lat' dir='ltr'>praeterea</span> <span class='ocrx_word' id='word_1_80' title='bbox 680 1138 799 1200; x_wconf 83' lang='lat' dir='ltr'>cibaria</span> <span class='ocrx_word' id='word_1_81' title='bbox 828 1147 916 1200; x_wconf 86' lang='lat' dir='ltr'>coctu</span> <span class='ocrx_word' id='word_1_82' title='bbox 952 1140 1069 1202; x_wconf 88' lang='lat' dir='ltr'>dierum</span> 
     </span>
     <span class='ocr_line' id='line_1_12' title="bbox 75 1222 1068 1300; baseline 0 -14"><span class='ocrx_word' id='word_1_83' title='bbox 75 1225 202 1294; x_wconf 80' lang='lat' dir='ltr'>decenn,</span> <span class='ocrx_word' id='word_1_84' title='bbox 226 1229 261 1284; x_wconf 90' lang='lat' dir='ltr'>ut</span> <span class='ocrx_word' id='word_1_85' title='bbox 281 1237 373 1296; x_wconf 88' lang='lat' dir='ltr'>quam</span> <span class='ocrx_word' id='word_1_86' title='bbox 393 1222 516 1282; x_wconf 90' lang='lat' dir='ltr'>minime</span> <span class='ocrx_word' id='word_1_87' title='bbox 536 1223 624 1282; x_wconf 90' lang='lat' dir='ltr'>fieret</span> <span class='ocrx_word' id='word_1_88' title='bbox 643 1222 723 1297; x_wconf 78' lang='lat' dir='ltr'>ignis</span> <span class='ocrx_word' id='word_1_89' title='bbox 742 1222 908 1284; x_wconf 89' lang='lat' dir='ltr'>incastris.</span> <span class='ocrx_word' id='word_1_90' title='bbox 933 1224 992 1284; x_wconf 87' lang='lat' dir='ltr'>lter</span> <span class='ocrx_word' id='word_1_91' title='bbox 1006 1242 1068 1300; x_wconf 90' lang='lat' dir='ltr'>quo</span> 
     </span>
     <span class='ocr_line' id='line_1_13' title="bbox 73 1303 1069 1383; baseline 0.004 -18"><span class='ocrx_word' id='word_1_92' title='bbox 73 1306 190 1367; x_wconf 84' lang='lat' dir='ltr'>lrabeat</span> <span class='ocrx_word' id='word_1_93' title='bbox 211 1306 310 1368; x_wconf 85' lang='lat' dir='ltr'>omnis</span> <span class='ocrx_word' id='word_1_94' title='bbox 336 1307 424 1368; x_wconf 89' lang='lat' dir='ltr'>celat.</span> <span class='ocrx_word' id='word_1_95' title='bbox 461 1303 512 1366; x_wconf 91' lang='lat' dir='ltr'>Sic</span> <span class='ocrx_word' id='word_1_96' title='bbox 538 1312 663 1381; x_wconf 88' lang='lat' dir='ltr'>paratus</span> <span class='ocrx_word' id='word_1_97' title='bbox 690 1321 753 1382; x_wconf 87' lang='lat' dir='ltr'>qua</span> <span class='ocrx_word' id='word_1_98' title='bbox 777 1309 976 1368; x_wconf 87' lang='lat' dir='ltr'>constituerat</span> <span class='ocrx_word' id='word_1_99' title='bbox 996 1324 1069 1383; x_wconf 91' lang='lat' dir='ltr'>pro·</span> 
     </span>
     <span class='ocr_line' id='line_1_14' title="bbox 75 1389 238 1450; baseline 0 0"><span class='ocrx_word' id='word_1_100' title='bbox 75 1389 238 1450; x_wconf 83' lang='lat' dir='ltr'>ficiscitur.</span> 
     </span>
     <span class='ocr_line' id='line_1_15' title="bbox 154 1471 1111 1550; baseline 0.004 -16"><span class='ocrx_word' id='word_1_101' title='bbox 154 1471 320 1534; x_wconf 86' lang='lat' dir='ltr'>Dimidium</span> <span class='ocrx_word' id='word_1_102' title='bbox 346 1473 412 1534; x_wconf 88' lang='lat' dir='ltr'>iere</span> <span class='ocrx_word' id='word_1_103' title='bbox 440 1473 573 1550; x_wconf 87' lang='lat' dir='ltr'>spatium</span> <span class='ocrx_word' id='word_1_104' title='bbox 599 1473 789 1544; x_wconf 85' lang='lat' dir='ltr'>coniecerat,</span> <span class='ocrx_word' id='word_1_105' title='bbox 818 1491 887 1534; x_wconf 90' lang='lat' dir='ltr'>cum</span> <span class='ocrx_word' id='word_1_106' title='bbox 912 1491 951 1534; x_wconf 85' lang='lat' dir='ltr'>ex</span> <span class='ocrx_word' id='word_1_107' title='bbox 976 1477 1059 1538; x_wconf 86' lang='lat' dir='ltr'>lumo</span> <span class='ocrx_word' id='word_1_108' title='bbox 1071 1479 1111 1537; x_wconf 87' lang='lat' dir='ltr'>lx</span> 
     </span>
    </p>
   </div>
   <div class='ocr_carea' id='block_1_3' title="bbox 77 1557 1190 1633">
    <p class='ocr_par' dir='ltr' id='par_1_3' title="bbox 77 1557 1190 1633">
     <span class='ocr_line' id='line_1_16' title="bbox 77 1557 1190 1633; baseline -0.001 -11"><span class='ocrx_word' id='word_1_109' title='bbox 77 1565 251 1622; x_wconf 75' lang='lat' dir='ltr'>saeuorum</span> <span class='ocrx_word' id='word_1_110' title='bbox 276 1558 342 1618; x_wconf 89' lang='lat' dir='ltr'>eius</span> <span class='ocrx_word' id='word_1_111' title='bbox 365 1557 503 1633; x_wconf 88' lang='lat' dir='ltr'>suspicio</span> <span class='ocrx_word' id='word_1_112' title='bbox 527 1557 618 1618; x_wconf 87' lang='lat' dir='ltr'>allata</span> <span class='ocrx_word' id='word_1_113' title='bbox 640 1564 690 1616; x_wconf 91' lang='lat' dir='ltr'>est</span> <span class='ocrx_word' id='word_1_114' title='bbox 709 1557 749 1617; x_wconf 92' lang='lat' dir='ltr'>ad</span> <span class='ocrx_word' id='word_1_115' title='bbox 762 1557 929 1618; x_wconf 84' lang='lat' dir='ltr'>Eumenem</span> <span class='ocrx_word' id='word_1_116' title='bbox 948 1560 1069 1620; x_wconf 88' lang='lat' dir='ltr'>hostem</span> <span class='ocrx_word' id='word_1_117' title='bbox 1187 1583 1190 1588; x_wconf 95' lang='lat'>·</span> 
     </span>
    </p>
   </div>
   <div class='ocr_carea' id='block_1_4' title="bbox 6 1640 1158 3558">
    <p class='ocr_par' dir='ltr' id='par_1_4' title="bbox 6 1640 1158 3558">
     <span class='ocr_line' id='line_1_17' title="bbox 76 1640 1068 1718; baseline 0.002 -16"><span class='ocrx_word' id='word_1_118' title='bbox 76 1641 342 1718; x_wconf 87' lang='lat' dir='ltr'>appropinquare.</span> <span class='ocrx_word' id='word_1_119' title='bbox 376 1640 567 1702; x_wconf 83' lang='lat' dir='ltr'>conveniunt</span> <span class='ocrx_word' id='word_1_120' title='bbox 588 1641 700 1715; x_wconf 88' lang='lat' dir='ltr'>duces,</span> <span class='ocrx_word' id='word_1_121' title='bbox 725 1657 876 1716; x_wconf 86' lang='lat' dir='ltr'>quaerere</span> <span class='ocrx_word' id='word_1_122' title='bbox 893 1643 967 1716; x_wconf 89' lang='lat' dir='ltr'>quid</span> <span class='ocrx_word' id='word_1_123' title='bbox 988 1659 1068 1718; x_wconf 86' lang='lat' dir='ltr'>opus</span> 
     </span>
     <span class='ocr_line' id='line_1_18' title="bbox 7 1725 1068 1806; baseline 0 -20"><span class='ocrx_word' id='word_1_124' title='bbox 7 1787 13 1806; x_wconf 69' lang='lat'>‚</span> <span class='ocrx_word' id='word_1_125' title='bbox 76 1725 116 1788; x_wconf 90' lang='lat' dir='ltr'>sit</span> <span class='ocrx_word' id='word_1_126' title='bbox 130 1727 224 1787; x_wconf 83' lang='lat' dir='ltr'>lecto.</span> <span class='ocrx_word' id='word_1_127' title='bbox 256 1725 476 1799; x_wconf 76' lang='lat' dir='ltr'>intellegebant</span> <span class='ocrx_word' id='word_1_128' title='bbox 495 1739 603 1784; x_wconf 89' lang='lat' dir='ltr'>omnes</span> <span class='ocrx_word' id='word_1_129' title='bbox 625 1731 686 1783; x_wconf 83' lang='lat' dir='ltr'>tam</span> <span class='ocrx_word' id='word_1_130' title='bbox 703 1725 844 1784; x_wconf 81' lang='lat' dir='ltr'>celeriter</span> <span class='ocrx_word' id='word_1_131' title='bbox 860 1725 968 1798; x_wconf 85' lang='lat' dir='ltr'>copias</span> <span class='ocrx_word' id='word_1_132' title='bbox 983 1727 1068 1800; x_wconf 89' lang='lat' dir='ltr'>ipso-</span> 
     </span>
     <span class='ocr_line' id='line_1_19' title="bbox 74 1807 1068 1890; baseline -0.002 -20"><span class='ocrx_word' id='word_1_133' title='bbox 74 1825 143 1870; x_wconf 87' lang='lat' dir='ltr'>mm</span> <span class='ocrx_word' id='word_1_134' title='bbox 167 1807 305 1870; x_wconf 78' lang='lat' dir='ltr'>conuehi</span> <span class='ocrx_word' id='word_1_135' title='bbox 325 1824 387 1869; x_wconf 88' lang='lat' dir='ltr'>non</span> <span class='ocrx_word' id='word_1_136' title='bbox 409 1823 506 1890; x_wconf 81' lang='lat' dir='ltr'>posse</span> <span class='ocrx_word' id='word_1_137' title='bbox 523 1823 614 1882; x_wconf 85' lang='lat' dir='ltr'>quam</span> <span class='ocrx_word' id='word_1_138' title='bbox 628 1808 802 1882; x_wconf 82' lang='lat' dir='ltr'>Antigonus</span> <span class='ocrx_word' id='word_1_139' title='bbox 817 1807 968 1868; x_wconf 85' lang='lat' dir='ltr'>allaturus</span> <span class='ocrx_word' id='word_1_140' title='bbox 983 1809 1068 1870; x_wconf 92' lang='lat' dir='ltr'>vide-</span> 
     </span>
     <span class='ocr_line' id='line_1_20' title="bbox 76 1890 1098 1977; baseline 0.002 -23"><span class='ocrx_word' id='word_1_141' title='bbox 76 1893 176 1956; x_wconf 84' lang='lat' dir='ltr'>batur.</span> <span class='ocrx_word' id='word_1_142' title='bbox 203 1893 261 1952; x_wconf 89' lang='lat' dir='ltr'>Hiu</span> <span class='ocrx_word' id='word_1_143' title='bbox 277 1890 419 1954; x_wconf 90' lang='lat' dir='ltr'>omnibus</span> <span class='ocrx_word' id='word_1_144' title='bbox 440 1891 639 1952; x_wconf 78' lang='lat' dir='ltr'>titubantibus</span> <span class='ocrx_word' id='word_1_145' title='bbox 660 1898 690 1951; x_wconf 90' lang='lat' dir='ltr'>et</span> <span class='ocrx_word' id='word_1_146' title='bbox 710 1891 749 1950; x_wconf 88' lang='lat' dir='ltr'>de</span> <span class='ocrx_word' id='word_1_147' title='bbox 763 1890 858 1977; x_wconf 79' lang='lat' dir='ltr'>rebus</span> <span class='ocrx_word' id='word_1_148' title='bbox 873 1891 1000 1952; x_wconf 84' lang='lat' dir='ltr'>summis</span> <span class='ocrx_word' id='word_1_149' title='bbox 1016 1893 1098 1957; x_wconf 77' lang='lat' dir='ltr'>dea</span> 
     </span>
     <span class='ocr_line' id='line_1_21' title="bbox 6 1975 1070 2062; baseline -0.001 -24"><span class='ocrx_word' id='word_1_150' title='bbox 6 2037 9 2062; x_wconf 62' lang='lat'><em>,</em></span> <span class='ocrx_word' id='word_1_151' title='bbox 76 1975 274 2052; x_wconf 86' lang='lat' dir='ltr'>sperantibus</span> <span class='ocrx_word' id='word_1_152' title='bbox 288 1975 442 2036; x_wconf 84' lang='lat' dir='ltr'>Eumenes</span> <span class='ocrx_word' id='word_1_153' title='bbox 458 1975 508 2046; x_wconf 90' lang='lat' dir='ltr'>ait,</span> <span class='ocrx_word' id='word_1_154' title='bbox 528 1975 555 2036; x_wconf 89' lang='lat' dir='ltr'>si</span> <span class='ocrx_word' id='word_1_155' title='bbox 570 1975 754 2036; x_wconf 85' lang='lat' dir='ltr'>celeritatem</span> <span class='ocrx_word' id='word_1_156' title='bbox 769 1975 865 2035; x_wconf 85' lang='lat' dir='ltr'>velint</span> <span class='ocrx_word' id='word_1_157' title='bbox 878 1975 1025 2036; x_wconf 89' lang='lat' dir='ltr'>adhibere</span> <span class='ocrx_word' id='word_1_158' title='bbox 1040 1983 1070 2038; x_wconf 91' lang='lat' dir='ltr'>et</span> 
     </span>
     <span class='ocr_line' id='line_1_22' title="bbox 75 2043 1068 2136; baseline -0.004 -12"><span class='ocrx_word' id='word_1_159' title='bbox 75 2061 227 2135; x_wconf 76' lang='lat' dir='ltr'>inparata</span> <span class='ocrx_word' id='word_1_160' title='bbox 247 2061 366 2136; x_wconf 83' lang='lat' dir='ltr'>lacere,</span> <span class='ocrx_word' id='word_1_161' title='bbox 388 2060 473 2135; x_wconf 81' lang='lat' dir='ltr'>quod</span> <span class='ocrx_word' id='word_1_162' title='bbox 487 2066 557 2120; x_wconf 88' lang='lat' dir='ltr'>ante</span> <span class='ocrx_word' id='word_1_163' title='bbox 571 2073 632 2118; x_wconf 93' lang='lat' dir='ltr'>non</span> <span class='ocrx_word' id='word_1_164' title='bbox 648 2043 791 2134; x_wconf 68' lang='lat' dir='ltr'>iecerint,</span> <span class='ocrx_word' id='word_1_165' title='bbox 812 2075 849 2119; x_wconf 86' lang='lat' dir='ltr'>se</span> <span class='ocrx_word' id='word_1_166' title='bbox 861 2074 926 2119; x_wconf 90' lang='lat' dir='ltr'>rem</span> <span class='ocrx_word' id='word_1_167' title='bbox 942 2060 1068 2136; x_wconf 84' lang='lat' dir='ltr'>expedi-</span> 
     </span>
     <span class='ocr_line' id='line_1_23' title="bbox 76 2142 1066 2218; baseline -0.001 -14"><span class='ocrx_word' id='word_1_168' title='bbox 76 2161 195 2212; x_wconf 81' lang='lat' dir='ltr'>turum;</span> <span class='ocrx_word' id='word_1_169' title='bbox 217 2159 289 2204; x_wconf 86' lang='lat' dir='ltr'>nam</span> <span class='ocrx_word' id='word_1_170' title='bbox 303 2143 389 2218; x_wconf 89' lang='lat' dir='ltr'>quod</span> <span class='ocrx_word' id='word_1_171' title='bbox 401 2143 511 2205; x_wconf 89' lang='lat' dir='ltr'>diebus</span> <span class='ocrx_word' id='word_1_172' title='bbox 523 2143 661 2218; x_wconf 85' lang='lat' dir='ltr'>quinque</span> <span class='ocrx_word' id='word_1_173' title='bbox 672 2142 770 2203; x_wconf 87' lang='lat' dir='ltr'>hostis</span> <span class='ocrx_word' id='word_1_174' title='bbox 783 2142 935 2202; x_wconf 88' lang='lat' dir='ltr'>transisse</span> <span class='ocrx_word' id='word_1_175' title='bbox 946 2151 1066 2218; x_wconf 85' lang='lat' dir='ltr'>posset,</span> 
     </span>
     <span class='ocr_line' id='line_1_24' title="bbox 75 2225 1068 2299; baseline -0.005 -10"><span class='ocrx_word' id='word_1_176' title='bbox 75 2244 111 2290; x_wconf 91' lang='lat' dir='ltr'>se</span> <span class='ocrx_word' id='word_1_177' title='bbox 132 2227 316 2288; x_wconf 83' lang='lat' dir='ltr'>ellectmum</span> <span class='ocrx_word' id='word_1_178' title='bbox 335 2235 369 2289; x_wconf 91' lang='lat' dir='ltr'>ut</span> <span class='ocrx_word' id='word_1_179' title='bbox 388 2243 451 2289; x_wconf 91' lang='lat' dir='ltr'>non</span> <span class='ocrx_word' id='word_1_180' title='bbox 465 2227 566 2286; x_wconf 88' lang='lat' dir='ltr'>minus</span> <span class='ocrx_word' id='word_1_181' title='bbox 581 2225 709 2286; x_wconf 91' lang='lat' dir='ltr'>totidem</span> <span class='ocrx_word' id='word_1_182' title='bbox 723 2225 842 2285; x_wconf 91' lang='lat' dir='ltr'>dierum</span> <span class='ocrx_word' id='word_1_183' title='bbox 857 2226 959 2299; x_wconf 88' lang='lat' dir='ltr'>spatio</span> <span class='ocrx_word' id='word_1_184' title='bbox 974 2234 1068 2285; x_wconf 87' lang='lat' dir='ltr'>retar-</span> 
     </span>
     <span class='ocr_line' id='line_1_25' title="bbox 75 2307 1068 2386; baseline -0.005 -12"><span class='ocrx_word' id='word_1_185' title='bbox 75 2313 219 2380; x_wconf 79' lang='lat' dir='ltr'>daretur3</span> <span class='ocrx_word' id='word_1_186' title='bbox 242 2325 337 2386; x_wconf 87' lang='lat' dir='ltr'>quare</span> <span class='ocrx_word' id='word_1_187' title='bbox 352 2311 553 2381; x_wconf 78' lang='lat' dir='ltr'>circumirent,</span> <span class='ocrx_word' id='word_1_188' title='bbox 569 2323 644 2368; x_wconf 89' lang='lat' dir='ltr'>suas</span> <span class='ocrx_word' id='word_1_189' title='bbox 660 2309 793 2383; x_wconf 86' lang='lat' dir='ltr'>quisque</span> <span class='ocrx_word' id='word_1_190' title='bbox 808 2307 1002 2370; x_wconf 88' lang='lat' dir='ltr'>contraheret</span> <span class='ocrx_word' id='word_1_191' title='bbox 1017 2325 1068 2369; x_wconf 90' lang='lat' dir='ltr'>eo-</span> 
     </span>
     <span class='ocr_line' id='line_1_26' title="bbox 74 2389 1158 2474; baseline -0.003 -18"><span class='ocrx_word' id='word_1_192' title='bbox 74 2395 156 2472; x_wconf 82' lang='lat' dir='ltr'>pias.</span> <span class='ocrx_word' id='word_1_193' title='bbox 178 2394 230 2456; x_wconf 81' lang='lat' dir='ltr'>nd</span> <span class='ocrx_word' id='word_1_194' title='bbox 243 2394 390 2470; x_wconf 80' lang='lat' dir='ltr'>Antigoni</span> <span class='ocrx_word' id='word_1_195' title='bbox 404 2401 506 2456; x_wconf 87' lang='lat' dir='ltr'>autem</span> <span class='ocrx_word' id='word_1_196' title='bbox 519 2392 737 2454; x_wconf 81' lang='lat' dir='ltr'>refrenandum</span> <span class='ocrx_word' id='word_1_197' title='bbox 751 2389 899 2466; x_wconf 89' lang='lat' dir='ltr'>impetum</span> <span class='ocrx_word' id='word_1_198' title='bbox 913 2393 974 2452; x_wconf 83' lang='lat' dir='ltr'>tole</span> <span class='ocrx_word' id='word_1_199' title='bbox 988 2393 1099 2468; x_wconf 74' lang='lat' dir='ltr'>capita</span> <span class='ocrx_word' id='word_1_200' title='bbox 1128 2463 1135 2474; x_wconf 27' lang='lat'><strong><em>³</em></strong></span> <span class='ocrx_word' id='word_1_201' title='bbox 1156 2404 1158 2412; x_wconf 77' lang='grc'>’</span> 
     </span>
     <span class='ocr_line' id='line_1_27' title="bbox 75 2475 1070 2552; baseline -0.004 -10"><span class='ocrx_word' id='word_1_202' title='bbox 75 2479 250 2542; x_wconf 88' lang='lat' dir='ltr'>eonsilium.</span> <span class='ocrx_word' id='word_1_203' title='bbox 280 2477 386 2540; x_wconf 80' lang='lat' dir='ltr'>certos</span> <span class='ocrx_word' id='word_1_204' title='bbox 406 2477 495 2538; x_wconf 92' lang='lat' dir='ltr'>mittit</span> <span class='ocrx_word' id='word_1_205' title='bbox 514 2477 655 2538; x_wconf 88' lang='lat' dir='ltr'>homines</span> <span class='ocrx_word' id='word_1_206' title='bbox 676 2475 717 2536; x_wconf 90' lang='lat' dir='ltr'>ad</span> <span class='ocrx_word' id='word_1_207' title='bbox 737 2475 860 2536; x_wconf 87' lang='lat' dir='ltr'>infimos</span> <span class='ocrx_word' id='word_1_208' title='bbox 882 2477 995 2538; x_wconf 90' lang='lat' dir='ltr'>montis</span> <span class='ocrx_word' id='word_1_209' title='bbox 1017 2477 1070 2552; x_wconf 87' lang='lat' dir='ltr'>qni</span> 
     </span>
     <span class='ocr_line' id='line_1_28' title="bbox 75 2559 1070 2638; baseline -0.005 -14"><span class='ocrx_word' id='word_1_210' title='bbox 75 2562 161 2624; x_wconf 86' lang='lat' dir='ltr'>obvii</span> <span class='ocrx_word' id='word_1_211' title='bbox 181 2569 269 2638; x_wconf 84' lang='lat' dir='ltr'>eraut</span> <span class='ocrx_word' id='word_1_212' title='bbox 288 2559 388 2624; x_wconf 90' lang='lat' dir='ltr'>itineri</span> <span class='ocrx_word' id='word_1_213' title='bbox 408 2561 657 2623; x_wconf 86' lang='lat' dir='ltr'>adversariorum</span> <span class='ocrx_word' id='word_1_214' title='bbox 671 2559 784 2635; x_wconf 89' lang='lat' dir='ltr'>hisque</span> <span class='ocrx_word' id='word_1_215' title='bbox 798 2561 948 2635; x_wconf 80' lang='lat' dir='ltr'>praecipit</span> <span class='ocrx_word' id='word_1_216' title='bbox 961 2569 994 2620; x_wconf 90' lang='grc' dir='ltr'>ιιι</span> <span class='ocrx_word' id='word_1_217' title='bbox 1007 2560 1070 2635; x_wconf 89' lang='lat' dir='ltr'>pri-</span> 
     </span>
     <span class='ocr_line' id='line_1_29' title="bbox 75 2644 1069 2722; baseline -0.005 -14"><span class='ocrx_word' id='word_1_218' title='bbox 75 2663 128 2708; x_wconf 86' lang='lat' dir='ltr'>ma</span> <span class='ocrx_word' id='word_1_219' title='bbox 148 2654 242 2706; x_wconf 87' lang='lat' dir='ltr'>nocte</span> <span class='ocrx_word' id='word_1_220' title='bbox 262 2661 356 2722; x_wconf 87' lang='lat' dir='ltr'>quam</span> <span class='ocrx_word' id='word_1_221' title='bbox 375 2646 525 2706; x_wconf 89' lang='lat' dir='ltr'>latissime</span> <span class='ocrx_word' id='word_1_222' title='bbox 539 2646 663 2720; x_wconf 89' lang='lat' dir='ltr'>possint</span> <span class='ocrx_word' id='word_1_223' title='bbox 675 2644 755 2720; x_wconf 79' lang='lat' dir='ltr'>ignis</span> <span class='ocrx_word' id='word_1_224' title='bbox 770 2646 884 2703; x_wconf 81' lang='lat' dir='ltr'>lactant</span> <span class='ocrx_word' id='word_1_225' title='bbox 898 2659 991 2718; x_wconf 88' lang='lat' dir='ltr'>quam</span> <span class='ocrx_word' id='word_1_226' title='bbox 1006 2659 1069 2705; x_wconf 86' lang='lat' dir='ltr'>ma·</span> 
     </span>
     <span class='ocr_line' id='line_1_30' title="bbox 75 2726 1099 2805; baseline -0.01 -13"><span class='ocrx_word' id='word_1_227' title='bbox 75 2731 180 2792; x_wconf 83' lang='lat' dir='ltr'>ximus</span> <span class='ocrx_word' id='word_1_228' title='bbox 201 2735 293 2805; x_wconf 72' lang='lat' dir='ltr'>atque</span> <span class='ocrx_word' id='word_1_229' title='bbox 313 2729 380 2792; x_wconf 84' lang='lat' dir='ltr'>hos</span> <span class='ocrx_word' id='word_1_230' title='bbox 396 2731 536 2790; x_wconf 85' lang='lat' dir='ltr'>secunda</span> <span class='ocrx_word' id='word_1_231' title='bbox 553 2729 658 2804; x_wconf 81' lang='lat' dir='ltr'>vigilia</span> <span class='ocrx_word' id='word_1_232' title='bbox 670 2728 823 2801; x_wconf 80' lang='lat' dir='ltr'>mInuant,</span> <span class='ocrx_word' id='word_1_233' title='bbox 845 2726 934 2786; x_wconf 88' lang='lat' dir='ltr'>tertia</span> <span class='ocrx_word' id='word_1_234' title='bbox 949 2727 1099 2801; x_wconf 72' lang='lat' dir='ltr'>pereni-4</span> 
     </span>
     <span class='ocr_line' id='line_1_31' title="bbox 75 2809 1100 2890; baseline -0.007 -14"><span class='ocrx_word' id='word_1_235' title='bbox 75 2829 158 2890; x_wconf 81' lang='lat' dir='ltr'>guas</span> <span class='ocrx_word' id='word_1_236' title='bbox 173 2813 304 2874; x_wconf 86' lang='lat' dir='ltr'>reddant</span> <span class='ocrx_word' id='word_1_237' title='bbox 318 2819 348 2874; x_wconf 90' lang='lat' dir='ltr'>ct</span> <span class='ocrx_word' id='word_1_238' title='bbox 358 2814 538 2874; x_wconf 78' lang='lat' dir='ltr'>assimulata</span> <span class='ocrx_word' id='word_1_239' title='bbox 548 2819 719 2874; x_wconf 88' lang='lat' dir='ltr'>castrorum</span> <span class='ocrx_word' id='word_1_240' title='bbox 732 2809 955 2872; x_wconf 87' lang='lat' dir='ltr'>consuetudine</span> <span class='ocrx_word' id='word_1_241' title='bbox 967 2809 1070 2885; x_wconf 90' lang='lat' dir='ltr'>suspi·</span> <span class='ocrx_word' id='word_1_242' title='bbox 1096 2833 1100 2838; x_wconf 91' lang='lat'><em>·</em></span> 
     </span>
     <span class='ocr_line' id='line_1_32' title="bbox 76 2893 1072 2962; baseline -0.006 -4"><span class='ocrx_word' id='word_1_243' title='bbox 76 2900 200 2962; x_wconf 86' lang='lat' dir='ltr'>cionem</span> <span class='ocrx_word' id='word_1_244' title='bbox 214 2896 340 2958; x_wconf 85' lang='lat' dir='ltr'>iniciant</span> <span class='ocrx_word' id='word_1_245' title='bbox 353 2896 494 2958; x_wconf 88' lang='lat' dir='ltr'>hostibus</span> <span class='ocrx_word' id='word_1_246' title='bbox 509 2896 547 2956; x_wconf 92' lang='lat' dir='ltr'>iis</span> <span class='ocrx_word' id='word_1_247' title='bbox 562 2896 640 2958; x_wconf 90' lang='lat' dir='ltr'>locis</span> <span class='ocrx_word' id='word_1_248' title='bbox 657 2909 730 2955; x_wconf 90' lang='lat' dir='ltr'>esse</span> <span class='ocrx_word' id='word_1_249' title='bbox 745 2901 847 2954; x_wconf 88' lang='lat' dir='ltr'>castra</span> <span class='ocrx_word' id='word_1_250' title='bbox 861 2909 898 2952; x_wconf 87' lang='lat' dir='ltr'>ao</span> <span class='ocrx_word' id='word_1_251' title='bbox 913 2893 952 2953; x_wconf 89' lang='lat' dir='ltr'>de</span> <span class='ocrx_word' id='word_1_252' title='bbox 963 2909 1072 2954; x_wconf 89' lang='lat' dir='ltr'>eorum</span> 
     </span>
     <span class='ocr_line' id='line_1_33' title="bbox 75 2976 1070 3055; baseline -0.008 -11"><span class='ocrx_word' id='word_1_253' title='bbox 75 2983 215 3044; x_wconf 87' lang='lat' dir='ltr'>adventu</span> <span class='ocrx_word' id='word_1_254' title='bbox 234 2995 308 3042; x_wconf 91' lang='lat' dir='ltr'>esse</span> <span class='ocrx_word' id='word_1_255' title='bbox 328 2981 590 3055; x_wconf 86' lang='lat' dir='ltr'>praenuntiatum,</span> <span class='ocrx_word' id='word_1_256' title='bbox 610 2979 756 3052; x_wconf 90' lang='lat' dir='ltr'>idemque</span> <span class='ocrx_word' id='word_1_257' title='bbox 777 2982 905 3052; x_wconf 87' lang='lat' dir='ltr'>postera</span> <span class='ocrx_word' id='word_1_258' title='bbox 918 2983 1011 3038; x_wconf 90' lang='lat' dir='ltr'>nocte</span> <span class='ocrx_word' id='word_1_259' title='bbox 1024 2976 1070 3036; x_wconf 85' lang='lat' dir='ltr'>la·</span> 
     </span>
     <span class='ocr_line' id='line_1_34' title="bbox 77 3062 1100 3140; baseline -0.003 -15"><span class='ocrx_word' id='word_1_260' title='bbox 77 3066 170 3127; x_wconf 86' lang='lat' dir='ltr'>ciant.</span> <span class='ocrx_word' id='word_1_261' title='bbox 206 3063 325 3136; x_wconf 80' lang='lat' dir='ltr'>Quibus</span> <span class='ocrx_word' id='word_1_262' title='bbox 345 3063 528 3140; x_wconf 89' lang='lat' dir='ltr'>imperatum</span> <span class='ocrx_word' id='word_1_263' title='bbox 549 3069 615 3124; x_wconf 85' lang='lat' dir='ltr'>erat</span> <span class='ocrx_word' id='word_1_264' title='bbox 627 3062 789 3136; x_wconf 80' lang='lat' dir='ltr'>diligenter</span> <span class='ocrx_word' id='word_1_265' title='bbox 802 3066 1003 3136; x_wconf 88' lang='lat' dir='ltr'>praeceptum</span> <span class='ocrx_word' id='word_1_266' title='bbox 1018 3069 1100 3122; x_wconf 69' lang='grc' dir='ltr'>ιιι-5</span> 
     </span>
     <span class='ocr_line' id='line_1_35' title="bbox 77 3141 1071 3222; baseline -0.007 -14"><span class='ocrx_word' id='word_1_267' title='bbox 77 3155 157 3210; x_wconf 83' lang='lat' dir='ltr'>rant</span> <span class='ocrx_word' id='word_1_268' title='bbox 179 3145 354 3222; x_wconf 78' lang='lat' dir='ltr'>Antigonus</span> <span class='ocrx_word' id='word_1_269' title='bbox 375 3146 511 3210; x_wconf 86' lang='lat' dir='ltr'>tenebris</span> <span class='ocrx_word' id='word_1_270' title='bbox 532 3146 649 3208; x_wconf 88' lang='lat' dir='ltr'>obortis</span> <span class='ocrx_word' id='word_1_271' title='bbox 671 3144 751 3221; x_wconf 78' lang='lat' dir='ltr'>ignis</span> <span class='ocrx_word' id='word_1_272' title='bbox 767 3144 976 3220; x_wconf 82' lang='lat' dir='ltr'>conspicatur.</span> <span class='ocrx_word' id='word_1_273' title='bbox 1000 3141 1071 3204; x_wconf 86' lang='lat' dir='ltr'>Cre-</span> 
     </span>
     <span class='ocr_line' id='line_1_36' title="bbox 78 3225 1070 3294; baseline -0.008 -1"><span class='ocrx_word' id='word_1_274' title='bbox 78 3232 125 3294; x_wconf 90' lang='lat' dir='ltr'>dit</span> <span class='ocrx_word' id='word_1_275' title='bbox 147 3231 189 3292; x_wconf 92' lang='lat' dir='ltr'>de</span> <span class='ocrx_word' id='word_1_276' title='bbox 212 3247 271 3292; x_wconf 91' lang='lat' dir='ltr'>suo</span> <span class='ocrx_word' id='word_1_277' title='bbox 298 3230 433 3294; x_wconf 86' lang='lat' dir='ltr'>adventu</span> <span class='ocrx_word' id='word_1_278' title='bbox 458 3246 530 3292; x_wconf 89' lang='lat' dir='ltr'>esse</span> <span class='ocrx_word' id='word_1_279' title='bbox 555 3231 693 3290; x_wconf 88' lang='lat' dir='ltr'>auditum</span> <span class='ocrx_word' id='word_1_280' title='bbox 719 3235 750 3288; x_wconf 91' lang='lat' dir='ltr'>et</span> <span class='ocrx_word' id='word_1_281' title='bbox 773 3228 970 3290; x_wconf 86' lang='lat' dir='ltr'>adversarios</span> <span class='ocrx_word' id='word_1_282' title='bbox 998 3225 1070 3286; x_wconf 88' lang='lat' dir='ltr'>illuc</span> 
     </span>
     <span class='ocr_line' id='line_1_37' title="bbox 79 3309 1100 3389; baseline -0.002 -13"><span class='ocrx_word' id='word_1_283' title='bbox 79 3331 155 3378; x_wconf 87' lang='lat' dir='ltr'>suus</span> <span class='ocrx_word' id='word_1_284' title='bbox 186 3314 380 3378; x_wconf 67' lang='lat' dir='ltr'>eoubmmse</span> <span class='ocrx_word' id='word_1_285' title='bbox 409 3314 526 3389; x_wconf 83' lang='lat' dir='ltr'>copias.</span> <span class='ocrx_word' id='word_1_286' title='bbox 561 3314 659 3374; x_wconf 88' lang='lat' dir='ltr'>Mutat</span> <span class='ocrx_word' id='word_1_287' title='bbox 683 3313 843 3374; x_wconf 85' lang='lat' dir='ltr'>consilium</span> <span class='ocrx_word' id='word_1_288' title='bbox 870 3317 901 3372; x_wconf 90' lang='lat' dir='ltr'>et</span> <span class='ocrx_word' id='word_1_289' title='bbox 927 3309 1100 3386; x_wconf 73' lang='lat' dir='ltr'>quoniame</span> 
     </span>
     <span class='ocr_line' id='line_1_38' title="bbox 80 3391 1072 3474; baseline -0.007 -16"><span class='ocrx_word' id='word_1_290' title='bbox 80 3399 305 3474; x_wconf 82' lang='lat' dir='ltr'>imprudentem</span> <span class='ocrx_word' id='word_1_291' title='bbox 319 3397 433 3462; x_wconf 84' lang='lat' dir='ltr'>adoriri</span> <span class='ocrx_word' id='word_1_292' title='bbox 448 3393 509 3460; x_wconf 86' lang='lat' dir='ltr'>non</span> <span class='ocrx_word' id='word_1_293' title='bbox 526 3406 642 3472; x_wconf 82' lang='lat' dir='ltr'>posset,</span> <span class='ocrx_word' id='word_1_294' title='bbox 657 3395 754 3456; x_wconf 87' lang='lat' dir='ltr'>flectit</span> <span class='ocrx_word' id='word_1_295' title='bbox 768 3397 825 3456; x_wconf 88' lang='lat' dir='ltr'>iter</span> <span class='ocrx_word' id='word_1_296' title='bbox 839 3409 929 3454; x_wconf 88' lang='lat' dir='ltr'>suum</span> <span class='ocrx_word' id='word_1_297' title='bbox 944 3399 975 3453; x_wconf 88' lang='lat' dir='ltr'>et</span> <span class='ocrx_word' id='word_1_298' title='bbox 988 3391 1072 3452; x_wconf 91' lang='lat' dir='ltr'>illum</span> 
     </span>
     <span class='ocr_line' id='line_1_39' title="bbox 80 3475 1069 3558; baseline -0.012 -12"><span class='ocrx_word' id='word_1_299' title='bbox 80 3483 255 3546; x_wconf 71' lang='lat' dir='ltr'>anfractum</span> <span class='ocrx_word' id='word_1_300' title='bbox 278 3481 448 3558; x_wconf 66' lang='lat' dir='ltr'>longiorem</span> <span class='ocrx_word' id='word_1_301' title='bbox 476 3481 624 3556; x_wconf 87' lang='lat' dir='ltr'>copiosae</span> <span class='ocrx_word' id='word_1_302' title='bbox 651 3479 721 3542; x_wconf 89' lang='lat' dir='ltr'>viae</span> <span class='ocrx_word' id='word_1_303' title='bbox 751 3478 833 3554; x_wconf 82' lang='lat' dir='ltr'>capit</span> <span class='ocrx_word' id='word_1_304' title='bbox 859 3475 964 3551; x_wconf 86' lang='lat' dir='ltr'>ibique</span> <span class='ocrx_word' id='word_1_305' title='bbox 989 3475 1069 3536; x_wconf 89' lang='lat' dir='ltr'>diem</span> 
     </span>
    </p>
   </div>
   <div class='ocr_carea' id='block_1_5' title="bbox 0 0 1293 3994">
    <p class='ocr_par' dir='ltr' id='par_1_5' title="bbox 0 0 1293 3994">
     <span class='ocr_line' id='line_1_40' title="bbox 0 0 1293 3994; baseline 0 0"><span class='ocrx_word' id='word_1_306' title='bbox 0 0 1293 3994; x_wconf 95' lang='lat' dir='ltr'> </span> 
     </span>
    </p>
   </div>
  </div>
 </body>
</html>
