2534 4010
188 255 232 318 14
266 259 300 317 ll.
322 256 684 318 Tllllfflsrocnlls
707 263 750 316 10.
780 253 1150 317 thialtlsrlnllsa

156 415 176 469 tt
184 415 345 484 praestare
355 425 452 486 posse
464 409 652 486 desperaret
673 407 759 468 ldem
770 423 846 470 ossa
858 408 926 468 eius
937 409 1015 468 clam
1029 407 1060 467 in
1072 409 1174 472 Attica

186 492 227 552 ab
239 491 345 553 amicis
358 493 486 569 sepulta,
496 493 639 568 quoniam
651 492 770 567 legibus
781 494 1079 566 nonconeederetur,
1088 493 1174 569 quod

185 575 372 650 proditionis
387 585 471 636 esset
486 578 656 649 damnatus,
671 576 837 635 memoriae
848 576 993 650 prodidit

541 833 799 846 ...q-...m-

441 1023 509 1124 nr.
540 1019 868 1161 larsrrnns

159 1224 367 1333 lAnrsrmss,
387 1259 564 1338 Lysimachi
582 1260 678 1334 lilius,
704 1259 917 1333 Atheniensis,
945 1259 1084 1334 aequalis
1106 1261 1173 1319 iere

184 1343 240 1403 luit
252 1342 456 1403 Themistocli.
485 1345 591 1418 ltaque
609 1359 678 1404 cum
694 1358 731 1404 eo
752 1344 792 1403 de
808 1345 981 1420 principatu
998 1343 1171 1406 contendite

151 1439 317 1500 inanique
331 1427 537 1488 obtrectarunt
552 1429 631 1487 inter
641 1443 686 1487 se.
711 1428 742 1486 ln
752 1427 805 1488 his
820 1435 921 1488 autern
941 1427 1096 1502 cognitum
1114 1434 1171 1502 est,

185 1518 299 1586 quanto
311 1518 475 1592 antestaret
486 1511 662 1587 eloquentia
673 1511 875 1572 innocentiae.
887 1509 1078 1586 Quamquam
1088 1512 1173 1570 enim
1256 1563 1257 1576 ,

184 1594 264 1655 adeo
279 1594 450 1655 excellebat
463 1595 616 1656 Aristides
632 1594 826 1669 abstinentia,
845 1603 878 1655 ut
892 1612 971 1656 unus
984 1603 1056 1670 post
1072 1594 1171 1654 homi-

183 1695 256 1739 num
266 1679 453 1751 meritoriam,
470 1694 560 1755 quem
573 1680 696 1754 quidem
706 1693 765 1738 nos
778 1679 973 1751 audierimus,
986 1679 1172 1753 cognomine

183 1763 285 1825 iustus
311 1763 350 1823 sit
375 1764 534 1838 apellatus,
561 1769 661 1822 tamen
686 1763 921 1824 aThemistocle
948 1763 1170 1823 collabefactus

155 1849 296 1908 atestula
310 1847 362 1906 illa
377 1847 469 1907 exilio
488 1848 596 1908 decem
609 1863 758 1907 annorum
778 1849 921 1907 maritatus
942 1855 999 1908 est.
1028 1847 1084 1922 Qui
1103 1847 1170 1921 qui-

184 1931 253 1991 dem
265 1945 332 1990 cum
344 1931 533 2005 intellegeret
542 1931 665 2006 reprimi
678 1932 858 1992 concitatam
870 1931 1091 1991 multitudinem
1106 1947 1171 1991 non

167 2071 169 2076 .
181 2029 287 2091 posse,
300 2015 479 2088 cedensque
490 2014 758 2075 animadvertisset
771 2016 924 2090 quendam
938 2015 1122 2074 scribentem
1137 2023 1171 2075 ut

181 2099 280 2174 patria
292 2099 464 2174 pelleretur,
478 2098 642 2173 quaesisse
653 2099 692 2158 ab
704 2103 741 2158 e'o
755 2099 873 2170 dicitur,
889 2113 986 2173 quare
1000 2099 1032 2159 id
1043 2099 1169 2173 laceret,

183 2189 235 2244 aut
245 2182 478 2259 quidAristides
490 2183 704 2255 commisisset,
717 2197 771 2242 cur
783 2191 865 2243 tanta
877 2197 979 2258 poena
987 2181 1099 2258 dignus
1111 2183 1169 2242 du-

153 2271 309 2328 lceretur.
337 2265 392 2328 Cui
401 2267 452 2326 ille
467 2267 629 2344 respondit
642 2282 677 2326 se
693 2267 833 2340 ignorare
847 2267 1022 2342 Aristidem,
1039 2266 1094 2326 sed
1108 2266 1170 2326 sibi

181 2367 243 2412 non
258 2353 395 2426 placere,
412 2351 496 2424 quod
510 2359 571 2410 tam
586 2350 698 2425 cupide
712 2351 920 2424 elaborasset,
935 2359 968 2412 ιιι
983 2357 1104 2426 praeter
1117 2366 1168 2410 ce

152 2441 264 2494 steros
281 2434 384 2494 lustus
399 2433 614 2508 appellaretur.
646 2433 703 2493 Hie
717 2435 825 2494 decem
842 2449 990 2494 annorum
1004 2434 1168 2508 legitimam

155 2529 160 2538 ·
181 2533 314 2593 poenam
329 2533 389 2603 nan
406 2519 535 2591 pertulit.
559 2517 634 2577 illam
647 2524 812 2594 postquam
826 2517 946 2578 Xerxes
961 2519 991 2577 in
1008 2518 1170 2579 Graeciam

182 2601 356 2676 descendit,
381 2609 470 2662 sexto
492 2604 556 2662 lere
576 2617 657 2662 anne
679 2617 770 2676 quam
791 2609 857 2661 erat
881 2603 1032 2677 expulsus
1058 2605 1173 2677 populi

136 2709 143 2722 ·
181 2686 259 2747 scito
275 2685 304 2744 in
316 2685 444 2760 patriam
454 2687 612 2746 restitutus
628 2693 683 2746 ast.

155 2768 179 2826 ll
265 2766 401 2830 interluit
417 2777 518 2829 autern
536 2784 659 2848 pugnae
679 2769 780 2828 navali
802 2770 883 2844 apud
900 2767 1064 2840 Salamina,
1086 2783 1170 2844 quae

182 2855 264 2914 iacta
278 2860 326 2912 est
339 2854 426 2928 prius
443 2870 534 2928 quarn
546 2867 649 2929 paena
662 2853 850 2914 liberaretur.
873 2853 957 2912 ldem
972 2859 1098 2928 praetor
1112 2853 1169 2914 luit

178 2936 411 2997 Atheniensium
430 2939 513 3012 apud
533 2937 672 2996 Plataeas
696 2935 725 2995 in
745 2937 881 3013 praelio,
902 2951 964 3012 quo
985 2935 1167 2998 Mardonius

31 3011 37 3019 “
89 3019 92 3038 “
150 3023 268 3082 trusus
292 3020 554 3096 barbarorumque
579 3020 731 3081 exercitus
758 3021 935 3082 interiectas
960 3035 1018 3080 est.
1059 3019 1170 3095 Neque

180 3106 263 3170 aliud
284 3112 332 3165 est
351 3104 445 3165 ullum
464 3105 554 3166 huius
572 3105 602 3164 in
624 3119 658 3163 re
672 3104 791 3163 militari
814 3105 931 3164 illustre
946 3105 1058 3166 lactum
1073 3121 1170 3179 quam

179 3190 270 3252 huius
281 3188 400 3264 imperii
414 3189 568 3265 memoria,
580 3188 710 3248 iustitiae
725 3203 799 3247 vero
812 3195 842 3248 et
856 3189 1019 3263 aequitatis
1035 3194 1064 3248 et
1078 3188 1168 3252 inno·
1239 3191 1242 3198 '

180 3275 297 3335 centias
317 3273 424 3347 multa,
445 3273 476 3332 in
496 3271 601 3349 prunis
617 3271 701 3347 quod
722 3272 789 3332 eius
807 3273 960 3349 aequitate
981 3273 1169 3347 factumest,

180 3374 249 3419 aum
259 3359 290 3418 in
302 3356 455 3418 communi
466 3359 567 3418 classe
578 3365 663 3417 essct
669 3356 816 3416 Graeciae
827 3358 915 3416 sirntd
928 3371 997 3416 cum
1003 3354 1166 3429 Pausania,

180 3457 242 3515 qao
256 3441 336 3501 duce
349 3441 528 3502 Mardonius
542 3447 607 3502 erat
624 3443 761 3516 fugatus,
782 3447 815 3498 ut
829 3455 949 3501 summa
968 3439 1087 3515 imperii
1102 3457 1170 3500 ma-

179 3521 269 3584 ritimi
294 3525 332 3584 ab
358 3525 612 3585 Lacedaemoniis
642 3525 857 3584 transferretur
881 3524 922 3584 ad
952 3523 1165 3584 Atheniensis.
