2534 4010
327 699 766 798 ‘lllllllln

61 903 236 1032 Prospera
258 955 380 1016 fortuna
396 954 520 1030 accidit,
543 962 575 1014 ut
595 933 760 1031 anteuuam
774 956 955 1018 renovanda
969 963 1054 1017 esset

65 1074 155 1132 editio
173 1073 307 1136 cornelii
321 1071 466 1148 Nepotis,
490 1087 583 1147 quam
597 1077 668 1132 unte
682 1071 740 1134 hos
755 1073 862 1149 viginti
877 1079 940 1152 tres
956 1088 1055 1134 annos

64 1191 88 1248 t.
104 1191 172 1250 Chr.
189 1189 314 1262 Ddhnc,
336 1189 384 1248 vir
399 1197 428 1249 et
442 1188 534 1249 animi
550 1189 685 1248 candore
700 1197 730 1250 et
745 1190 901 1267 diligentia
915 1190 1057 1268 insignis

66 1315 236 1384 curaverat,
252 1309 426 1384 complures
442 1308 498 1367 viri
511 1307 593 1367 docti
608 1307 680 1368 huic
694 1307 852 1384 scriptori,
870 1316 903 1370 ut
917 1325 936 1370 o
950 1309 1057 1386 pueris

65 1427 205 1487 studiose
216 1432 361 1499 tractato,
380 1408 422 1484 ita
433 1423 470 1484 ab
483 1425 621 1486 litteratis
633 1433 808 1502 contempto
821 1435 913 1503 etque
926 1425 1050 1502 abiecto,

67 1557 191 1618 operam
207 1557 293 1602 suam
310 1541 458 1601 nevarint.
479 1542 542 1602 Sed
556 1552 679 1618 praetor
691 1544 887 1618 Beneckium,
903 1543 1056 1618 Rotlrium,

65 1661 227 1736 Klotzium,
242 1658 496 1731 Fleckeisenium,
512 1660 686 1736 Bergidum,
698 1660 961 1738 Heerwagenium
978 1675 1054 1734 quo·

66 1797 128 1842 rum
141 1779 312 1854 unicuique
327 1791 384 1836 suo
399 1776 528 1838 debetur
542 1777 625 1852 laus,
648 1778 761 1854 optime
776 1779 815 1838 de
830 1779 889 1839 hoc
905 1777 1056 1852 scriptore

66 1899 170 1959 meruit
192 1896 319 1958 Carolus
342 1893 537 1971 Nipperdey,
560 1893 611 1968 qui
634 1909 695 1979 non
717 1893 817 1954 minus
832 1892 946 1968 ingenii
960 1891 1054 1953 virtu·

66 2011 158 2086 tibus,
185 2028 278 2087 quam
298 2009 456 2070 doctrinae
477 2007 577 2094 copiis
603 2009 656 2083 iis,
682 2008 794 2084 quibus
815 2007 931 2084 indiget
951 2009 1055 2070 critica

67 2139 127 2197 aro,
150 2132 293 2197 ornatus,
317 2124 459 2184 codictun
474 2123 653 2184 alletoritate
669 2131 699 2182 et
713 2123 873 2198 scriptoris
889 2133 1053 2186 consuetu-

70 2239 136 2299 dine
156 2240 325 2329 prudenter
345 2240 506 2314 pensitata,
530 2256 591 2300 non
608 2239 708 2300 solum
722 2239 829 2313 multu,
852 2255 932 2313 quae
952 2239 1056 2300 minus

31 2383 32 2390 κ
67 2365 144 2417 recte
160 2357 243 2419 dicta
258 2357 458 2432 putabantur,
480 2363 568 2415 acute
582 2355 720 2414 delendit
741 2355 904 2416 sedetiam
922 2323 1066 2432 plurime:
1089 2373 1093 2377 ’

71 2471 140 2532 uitia
155 2471 334 2534 certissimis
350 2470 615 2532 emendationibus
630 2467 769 2530 remo'vit.
798 2471 938 2546 Eligitur
952 2472 1053 2546 plero-
1079 2475 1082 2479 '

68 2591 302 2666 quodebemus,
327 2605 406 2665 quae
428 2591 458 2650 in
471 2589 530 2649 hac
546 2589 681 2650 editione
703 2605 787 2649 nova
801 2595 880 2649 sunt.
912 2588 1054 2650 Cetemm

67 2721 184 2770 menon
195 2725 289 2770 caeco
301 2707 415 2774 iudicio
427 2708 512 2769 illum
525 2715 666 2808 secutum
676 2723 756 2782 esse,
772 2707 792 2766 ii
805 2705 865 2766 loci
876 2695 1053 2768 testimonio
1066 2733 1067 2736 ¹
1178 2729 1182 2741 =

68 2835 156 2899 crunt,
166 2828 197 2886 in
212 2827 324 2904 quibus
339 2825 407 2903 ipse
419 2827 497 2888 alias
508 2827 642 2888 rationes
654 2827 794 2904 probavi.
812 2826 858 2887 De
869 2821 979 2900 quibus
990 2824 1054 2885 etio

66 2927 130 3004 loeo
145 2945 285 3022 pluribus
301 2961 464 3020 exponam.
512 2917 516 2923 ¹

144 3090 221 3186 Delo.
238 3092 368 3168 Grimae,
389 3092 457 3155 Kal.
472 3089 546 3154 lllal.
565 3093 729 3161 Macedo.

453 3397 663 3417 —w'
