2556 3994
164 237 208 304 ω
430 237 537 300 xxiii.
555 237 809 298 Heumann.
829 249 872 300 ro.
887 247 931 299 ιι.

176 391 273 467 bono
293 359 392 466 magis
414 391 559 466 cupiebat
578 405 649 451 cunr
663 391 815 450 Hannibal
829 391 972 464 opprimi.
1002 389 1067 450 Sed
1082 389 1203 451 utrobi·

208 473 429 550 queEumencs
437 475 508 549 plus
518 473 641 534 valebat
652 475 995 549 propterRomanornm
1006 474 1203 534 societatem.

207 559 303 633 Quem
315 560 341 618 si
351 559 544 632 removisset,
559 558 698 618 faciliora
711 558 771 617 sibi
783 564 888 618 cetera
901 558 969 618 iore
983 556 1203 619 arbitrabatur.
1271 543 1272 634 i

176 641 256 702 lAd
269 643 352 701 hunc
366 642 610 702 interficiendum
624 644 714 700 talem
729 642 795 702 iniit
808 642 969 702 rabonem.
999 641 1110 700 classe
1124 658 1202 717 pau·
1271 641 1272 722 l

206 728 251 786 cis
267 725 377 786 diebus
399 733 487 784 crant
500 725 662 785 decreturi.
692 725 904 799 superabatur
919 724 1043 784 navium
1063 727 1202 786 multitu·
1271 723 1272 782 ἶ

205 809 287 870 dine.
321 809 400 868 Ilolo
421 816 487 868 erat
507 809 721 884 pugnandum,
741 825 810 870 cnm
831 826 889 884 par
902 825 965 868 non
986 816 1072 868 esset
1092 810 1201 870 armis.
1271 813 1272 838 ³

203 894 369 968 imperavit
393 909 485 968 quarn
506 894 653 967 plurimas
668 900 836 953 venenatas
851 893 1005 968 serpentis
1024 893 1117 952 vivas
1137 896 1202 954 col-

175 976 258 1051 eligi
278 992 398 1052 easque
419 977 449 1036 in
470 993 547 1040 vasa
561 977 665 1036 fictilia
685 977 795 1036 conici.
822 976 1023 1037 Hammeum
1038 975 1202 1038 effecisset
1271 987 1272 998 ¹

204 1075 346 1136 magnam
361 1060 596 1133 multitudinem,
618 1059 668 1120 die
683 1060 753 1135 ipso
770 1076 832 1135 quo
847 1061 983 1120 facturus
1004 1068 1072 1119 erat
1085 1063 1201 1120 navale

205 1145 355 1218 proelium
376 1144 552 1205 classiarios
574 1150 726 1204 convocat
746 1143 847 1218 iisque
862 1143 1013 1218 praecipit
1032 1158 1143 1202 omnes
1166 1152 1200 1204 ul

204 1227 235 1287 in
256 1243 348 1287 unam
362 1227 509 1287 Eumenis
522 1228 605 1302 regis
621 1235 805 1287 concurrant
818 1243 945 1301 navem,
967 1242 987 1284 a
1001 1227 1114 1286 ceteris
1130 1233 1200 1288 tnn-

145 1363 148 1370 ,
203 1316 267 1370 turn
282 1312 357 1371 satis
369 1310 504 1372 habeant
518 1327 553 1371 se
568 1307 744 1371 defendere.
766 1312 802 1370 Id
816 1313 886 1371 illos
901 1311 990 1370 iacile
1004 1312 1201 1386 serpentium
1271 1387 1272 1392 ἵ

173 1395 394 1457 bmultitudine
411 1401 643 1455 consecuturos.
679 1397 747 1456 Rex
762 1403 861 1455 autem
877 1395 908 1455 in
929 1411 991 1470 qua
1004 1409 1085 1452 nave
1099 1395 1199 1455 vehe-

201 1485 287 1540 retur
306 1484 340 1538 nt
361 1479 476 1539 scirent
496 1493 533 1538 sc
554 1479 714 1538 iacturum.
751 1477 846 1552 Quem
861 1479 888 1537 si
903 1484 956 1538 aut
969 1477 1131 1552 cepissent
1144 1487 1200 1539 aut

202 1561 437 1634 interfecissent,
453 1577 564 1636 magno
580 1563 618 1622 iis
634 1563 795 1637 pollicetur
810 1563 946 1636 praemio
962 1563 1039 1622 iore.

160 1654 200 1719 xl
286 1645 350 1706 Tali
365 1646 574 1706 cohortatione
589 1645 714 1706 militurn
730 1642 810 1706 lacta
825 1646 935 1705 classis
951 1646 990 1705 ab
1005 1644 1148 1720 utrisque
1162 1646 1195 1704 in

202 1730 353 1804 proellum
374 1729 544 1794 deducitur.
580 1729 714 1803 Quarum
729 1731 796 1789 acie
811 1730 988 1804 constituta,
1009 1729 1197 1804 prinsquam

202 1813 322 1888 signum
338 1828 461 1888 pugnae
476 1813 803 1888 daretur‚.Hannibal,
825 1821 859 1873 ui
872 1816 974 1888 palam
995 1814 1111 1872 laceret
1126 1814 1197 1874 suis

203 1912 266 1970 quo
286 1899 356 1956 loco
369 1897 524 1956 Eumenes
545 1905 646 1972 esset,
665 1897 856 1958 tabellarium
876 1898 906 1958 in
923 1896 1040 1972 scapha
1055 1912 1126 1958 cum
1141 1912 1196 1957 ca-

172 1978 302 2045 rduceo
324 1981 420 2039 mittit.
457 1981 514 2053 Qui
535 1982 588 2040 ubi
608 1981 648 2039 ad
668 1982 757 2041 navis
782 1980 1031 2041 adversariorum
1052 1982 1196 2054 pervenit

201 2063 427 2138 epistolamque
442 2063 610 2123 ostendens
626 2080 775 2140 seregent
791 2065 955 2139 protessus
970 2071 1018 2124 est
1029 2080 1194 2138 quaerere,

162 2198 180 2221 Ι
200 2145 302 2208 statim
324 2146 364 2206 ad
378 2145 546 2206 Eumenem
561 2146 712 2208 deductus
728 2155 790 2222 est,
813 2150 899 2226 qnod
919 2164 1009 2208 nemo
1031 2147 1192 2208 dubitabat

201 2231 276 2307 quin
297 2231 413 2306 aliquid
434 2232 473 2290 de
494 2246 573 2307 pace
593 2239 677 2292 esset
697 2232 853 2305 scriptum.
888 2231 1078 2292 Tabellarius
1100 2231 1193 2292 ducis

199 2329 280 2374 nave
294 2315 449 2374 declarata
463 2315 528 2374 suis
544 2315 654 2376 eodem
669 2316 753 2376 unde
767 2320 833 2376 erat
847 2331 993 2390 egressus
1009 2330 1045 2374 se
1061 2315 1193 2390 recepit.

170 2399 240 2462 elit
252 2398 407 2457 Eumenes
428 2400 531 2457 soluta
551 2399 685 2474 epistola
699 2399 773 2458 nihil
796 2400 827 2458 in
848 2415 887 2458 ea
899 2400 1014 2476 reperit
1028 2398 1086 2458 nisi
1102 2399 1192 2472 quod

198 2480 239 2540 ad
252 2479 439 2540 irridendum
454 2497 525 2542 eum
539 2483 714 2554 pertineret.
738 2482 830 2543 Cuius
846 2484 903 2543 etsi
918 2499 1043 2544 cansam
1055 2481 1199 2562 miraba-³

198 2570 249 2624 tur
258 2577 361 2638 neque
376 2563 598 2639 reperiebatur,-
613 2573 713 2625 tamen
724 2566 874 2642 proelirun
886 2565 989 2628 'statim
1000 2565 1193 2627 committere

170 2657 261 2711 lnon
290 2647 448 2708 dubitavit.
482 2648 599 2734 Horum
620 2649 650 2708 in
676 2665 831 2710 concursu
850 2650 987 2730 Bithynii
1006 2649 1190 2710 Hannibalis

187 2737 367 2807 'praecepto
383 2732 520 2792 universi
540 2748 649 2793 navem
663 2733 810 2794 Eumenis
826 2735 1014 2795 adoriuntur.
1050 2733 1188 2807 Quorum

197 2815 260 2875 vim
280 2830 337 2874 rex
361 2831 430 2876 cum
451 2815 604 2876 sustinere
624 2833 686 2882 non
709 2823 832 2892 posset,
855 2819 929 2892 luga
951 2819 1081 2878 salutern
1102 2818 1187 2890 petit.

198 2897 296 2972 Quam
316 2896 504 2960 consecutus
525 2914 587 2959 non
609 2908 707 2973 esset,
731 2901 791 2960 nisi
811 2901 891 2961 intra
905 2918 964 2962 sua
977 2899 1134 2977 praesidia
1152 2917 1188 2960 se

168 2981 370 3057 precepisset
392 2999 472 3057 quae
489 2983 523 3062 in
537 2984 680 3062 proximo
695 2985 782 3054 litore
803 2993 890 3046 erant
910 2985 1070 3046 collocata.
1104 2983 1187 3044 Reli-

199 3063 1185 3144 quaePergamenacnavescumadversariospremorentncrius,

197 3153 326 3225 repente
347 3148 377 3207 in
399 3163 453 3210 eas
472 3161 553 3211 vasa
569 3151 674 3211 fictilia
695 3151 735 3211 de
758 3153 870 3227 quihus
885 3167 982 3228 supra
1001 3151 1187 3212 mentionem

197 3233 326 3308 lecimus
347 3231 448 3293 conici
468 3241 579 3309 coepta
599 3242 680 3296 sunt.
710 3229 894 3309 Quac'iacta
913 3234 999 3296 initio
1018 3236 1114 3296 risum
1129 3251 1185 3310 pu·

196 3317 361 3390 enantibus
377 3317 576 3392 concitarunt,
591 3335 694 3395 neque
704 3335 802 3394 quaro
815 3320 848 3380 id
862 3321 951 3380 lieret
965 3326 1085 3396 poterat
1098 3318 1185 3379 intel·

51 3409 58 3420 ‘
166 3400 265 3473 clegi.
290 3397 460 3475 Postquam
474 3406 576 3460 autern
591 3404 679 3464 navis
695 3405 864 3478 completas
876 3409 1106 3479 conspexerunt
1120 3415 1185 3462 ser-

195 3481 348 3560 pentibus,
361 3500 487 3546 novare
497 3485 665 3561 perterriti,
684 3502 754 3546 cum
765 3487 840 3562 quid
850 3487 1046 3562 potissimrnn
1055 3487 1199 3547 vitarem.
