2556 3994
356 277 436 338 XIV.
459 280 694 343 antonias.
716 291 742 344 9.
761 291 803 344 10.
822 291 861 344 ll.
1036 283 1077 348 51

84 437 192 506 perat,
215 435 381 506 postquam
403 429 485 491 bello
506 446 575 492 eum
598 433 729 507 opprimi
745 448 806 494 non
827 448 923 509 posse
946 434 1081 494 arrimad-

84 513 193 590 vertit,
223 513 343 573 insidiis
367 513 539 574 interficere
565 515 690 595 studuit.
735 515 817 590 Quas
842 516 893 577 ilie
915 519 1082 594 plerasque

84 598 223 657 evitavit.
259 595 360 670 Siout,
383 612 450 656 curn
472 599 640 658 nuntiatam
661 607 747 660 esset
761 599 912 676 quosdam
929 601 987 660 sibi
1008 603 1110 662 insi-²

85 681 165 740 diari
183 681 234 756 qui
250 680 280 738 in
296 679 461 740 amicorum
478 689 564 742 erant
578 679 715 743 nurnero.
737 685 782 744 De
798 675 911 759 quibus
927 686 1010 760 quod
1026 686 1081 744 ini·

86 764 159 823 mici
182 764 369 835 detulerunt,
403 778 504 840 neque
526 767 713 826 credendum
732 782 835 842 neque
857 768 1081 844 neglegendum

86 848 217 923 pacarit.
239 845 378 922 Experiri
390 849 484 909 votuit
495 864 601 910 verum
614 851 765 910 iatsurnne
777 851 835 910 sibi
848 859 933 912 esset
943 853 1080 912 relatum.

86 931 198 1006 itaque
210 945 247 990 eo
260 931 418 1005 profectus
430 933 518 992 estin
532 949 593 1010 quo
606 933 712 994 itinere
726 937 844 994 futuras
856 934 983 996 insidias
995 936 1110 998 dixe-a

87 1023 166 1074 rant.
204 1013 266 1074 Sed
282 1015 372 1088 etegit
387 1030 519 1090 corpore
538 1032 573 1076 ac
589 1024 706 1078 statura
721 1018 906 1078 simillimum
922 1019 970 1078 sui
991 1020 1082 1095 eique

88 1099 236 1158 vestitum
259 1113 348 1158 suum
371 1098 455 1159 dedit
475 1107 566 1175 atque
589 1117 625 1162 eo
641 1103 711 1162 loco
727 1102 771 1161 ire
787 1117 848 1177 quo
864 1101 933 1177 ipse
949 1117 1079 1163 consue-

88 1190 177 1242 verat
198 1181 296 1240 iussit.
331 1183 404 1256 Ipse
426 1191 525 1246 autem
548 1191 658 1244 ornatu
674 1185 847 1260 vestituque
867 1186 985 1245 militari
1003 1187 1081 1246 inter

89 1265 232 1340 corporis
246 1266 391 1325 custodes
404 1267 461 1326 iter
472 1269 575 1327 iacere
590 1269 700 1344 coepit.
723 1269 764 1329 Αι
776 1269 980 1343 insidiatores,
996 1278 1110 1345 post²4

89 1365 185 1426 quam
200 1349 229 1408 in
247 1364 315 1408 eum
328 1350 428 1409 locam
443 1366 550 1426 agmen
564 1354 712 1427 pervenit,
729 1353 849 1427 decepti
866 1353 973 1413 ordine
988 1360 1081 1429 atque

88 1435 204 1493 vestitu
219 1432 363 1507 impeturn
378 1434 408 1493 in
422 1449 491 1514 cunr
503 1435 617 1495 iaciunt
632 1437 683 1510 qui
696 1437 878 1511 suppositus
894 1444 966 1496 erat.
988 1435 1080 1519 Prao7

90 1519 211 1578 dixerat
226 1522 327 1576 autom
343 1516 387 1576 eis
398 1518 543 1579 Datames
559 1535 627 1578 cum
641 1519 752 1595 quibus
768 1520 824 1579 iter
835 1519 966 1580 iaciebat
980 1527 1013 1581 ut
1026 1537 1080 1595 pa·

89 1602 147 1661 rati
164 1607 271 1660 essent
285 1599 387 1659 iacere
403 1603 487 1677 quod
504 1603 601 1678 ipsum
617 1604 777 1664 vidissent.
806 1604 887 1678 Ipse,
903 1610 936 1663 ιιι
951 1615 1107 1670 concur-s

88 1685 187 1745 rentis
207 1684 405 1744 insidiatores
427 1688 559 1746 animum
581 1687 725 1762 advertit,
746 1689 807 1747 tela
823 1687 852 1745 in
869 1702 924 1746 eos
940 1688 1079 1747 coniecit.

87 1769 157 1829 Hoc
173 1768 253 1828 idem
270 1781 338 1828 oum
354 1770 489 1830 universi
506 1771 666 1846 iecissent,
690 1771 870 1846 priusquam
886 1771 1081 1845 pervenirem
1152 1775 1157 1782 '

89 1855 129 1912 ad
145 1867 215 1912 eum
232 1867 322 1928 quem
339 1854 464 1928 aggredi
480 1854 641 1928 volebant·
654 1853 767 1914 confixi
784 1854 992 1913 conciderunt.

175 1935 233 1996 Hic
251 1944 353 1997 tamen
375 1943 436 1998 tam
452 1937 580 1998 callidos
596 1939 643 1997 vir
664 1944 801 1998 extremo
817 1944 956 2013 tempore
972 1945 1081 2014 captus
1095 1937 1123 1999 X

89 2026 138 2080 est
151 2019 345 2094 Mithridatis,
368 2021 585 2082 Ariobarzanis
602 2022 664 2096 filii,
687 2022 768 2082 doio.
797 2022 935 2097 Namque
950 2023 977 2084 is
993 2024 1080 2097 poili-

92 2104 173 2163 oitus
189 2110 237 2163 est
251 2104 314 2179 regi
330 2119 365 2164 se
381 2119 450 2164 eum
472 2105 717 2181 interfecturum,
740 2106 765 2166 si
782 2105 809 2165 ei
817 2119 879 2164 rex
895 2107 1082 2181 permitteret

91 2194 125 2247 ut
147 2187 356 2263 quodcunque
377 2190 470 2249 vellet
490 2189 595 2250 liceret
615 2192 738 2266 impune
754 2189 856 2247 iacere
871 2188 1026 2263 iidemque
1042 2189 1081 2249 de

90 2286 127 2330 ea
141 2285 177 2330 re
192 2286 277 2330 more
284 2270 445 2332 Persarum
462 2273 589 2332 dextera
603 2273 750 2332 dedisset.
780 2271 866 2331 Hanc
881 2278 914 2330 ut
929 2273 1048 2347 accepit
1062 2285 1108 2338 aa

89 2369 164 2429 roge
185 2355 325 2430 missam,
348 2357 455 2431 copias
471 2363 558 2431 parat
578 2363 609 2420 et
623 2357 737 2416 absens
758 2355 918 2415 amicitiam
937 2371 1005 2415 cum
1019 2354 1078 2416 Da—

91 2445 171 2496 tame
195 2439 282 2511 iacit,
312 2440 395 2514 regis
421 2439 597 2515 provincias
622 2447 730 2518 vexat,
763 2440 888 2499 castalia
914 2446 1080 2516 expugnat,

90 2537 219 2596 magnas
236 2523 367 2596 praedas
383 2525 479 2598 capit,
503 2539 631 2600 quarum
647 2524 756 2598 partim
771 2523 837 2583 suis
853 2523 993 2598 dispertit
1010 2539 1079 2600 par-

92 2606 143 2664 tim
169 2605 208 2664 ad
229 2605 375 2666 Datamen
396 2607 492 2668 mittit.
522 2608 591 2668 Pari
612 2609 704 2668 modo
727 2609 886 2682 complura
906 2609 1031 2669 castetta
1052 2607 1079 2669 ei

91 2689 193 2750 tradit.
228 2689 312 2748 Haec
334 2690 384 2751 diu
406 2691 548 2751 iaciendo
570 2691 725 2768 persuasit
745 2689 859 2749 homini
875 2704 910 2748 se
931 2689 1110 2749 intiniturna

91 2773 246 2834 adversus
261 2788 363 2848 regem
381 2775 560 2851 suscepisse
576 2775 697 2849 betium,
719 2789 788 2834 eum
803 2772 897 2832 nibito
912 2773 1018 2848 magis,
1040 2787 1080 2834 ne
1164 2789 1167 2796 ’

91 2873 185 2934 quarn
201 2856 409 2931 suspicionem
425 2857 466 2918 iiii
482 2859 645 2935 praeberet
659 2857 845 2930 insidiarum,
869 2871 969 2932 neque
986 2858 1079 2917 cotto·

91 2941 198 3016 qrrium
219 2940 286 3001 eius
307 2943 413 3017 petivit
433 2957 533 3018 neque
555 2943 585 3001 in
607 2947 806 3017 conspectum
828 2941 932 2999 venire
955 2941 1079 3001 studuit.

92 3024 145 3084 Sic
168 3023 282 3084 absens
303 3027 464 3086 amicitiam
485 3025 626 3100 gerebat,
655 3033 689 3085 ut
709 3040 770 3083 non
789 3023 946 3085 beneficiis
968 3024 1080 3084 mutuis

92 3109 149 3168 sed
162 3109 315 3168 communi
332 3107 403 3170 odio
417 3109 501 3186 quod
517 3123 590 3184 erga
601 3123 703 3183 regem
719 3114 920 3184 susceperant
932 3107 1080 3168 contineri

89 3191 279 3251 viderentur.

177 3275 212 3334 ld
227 3291 295 3335 curn
307 3275 382 3336 satis
397 3289 431 3335 se
444 3275 646 3335 confirmasse
662 3275 825 3336 arbitratus
840 3281 895 3350 est,
911 3272 1070 3333 certiorem
1080 3275 1122 3336 XI

91 3359 165 3419 iacit
186 3359 332 3419 Datamen
354 3365 475 3434 tempus
501 3375 574 3419 esse
594 3359 727 3421 maiores
751 3359 905 3420 exercitus
927 3355 1027 3432 parari
1049 3355 1081 3416 e't

91 3442 205 3502 betium
218 3457 287 3502 curn
298 3443 368 3520 ipso
379 3457 454 3518 rege
465 3443 591 3518 suscipi,
608 3435 710 3518 deque
725 3457 763 3504 ea
775 3459 816 3516 re,
833 3443 859 3502 si
874 3442 901 3500 ei
917 3439 1080 3516 videretur,

93 3541 157 3602 quo
178 3527 246 3586 ioco
266 3527 359 3588 veltet
378 3527 408 3587 in
430 3525 616 3602 colloquium
630 3527 757 3587 veniret.
792 3525 922 3585 Probata
938 3538 970 3582 re
986 3523 1078 3584 coilo-

872 3608 918 3668 4*

217 3766 219 3772 '
234 3775 251 3804 ιι
