<?xml version="1.0" encoding="UTF-8"?>
<!DOCTYPE html PUBLIC "-//W3C//DTD XHTML 1.0 Transitional//EN"
    "http://www.w3.org/TR/xhtml1/DTD/xhtml1-transitional.dtd">
<html xmlns="http://www.w3.org/1999/xhtml" xml:lang="en" lang="en">
 <head>
  <title>
</title>
<meta http-equiv="Content-Type" content="text/html;charset=utf-8" />
  <meta name='ocr-system' content='tesseract 3.04.00' />
  <meta name='ocr-capabilities' content='ocr_page ocr_carea ocr_par ocr_line ocrx_word'/>
</head>
<body>
  <div class='ocr_page' id='page_1' title='image "./liberdeexcellen00dietgoog_0051.png"; bbox 0 0 2534 4010; ppageno 0'>
   <div class='ocr_carea' id='block_1_1' title="bbox 192 251 847 332">
    <p class='ocr_par' dir='ltr' id='par_1_1' title="bbox 192 251 847 332">
     <span class='ocr_line' id='line_1_1' title="bbox 192 251 847 332; baseline -0.015 -12"><span class='ocrx_word' id='word_1_1' title='bbox 192 251 235 320; x_wconf 77' lang='lat'>30</span> <span class='ocrx_word' id='word_1_2' title='bbox 534 253 572 332; x_wconf 71' lang='lat' dir='ltr'>rt.</span> <span class='ocrx_word' id='word_1_3' title='bbox 592 251 714 318; x_wconf 78' lang='lat' dir='ltr'>ulcu.</span> <span class='ocrx_word' id='word_1_4' title='bbox 735 259 763 318; x_wconf 86' lang='lat' dir='ltr'>o.</span> <span class='ocrx_word' id='word_1_5' title='bbox 777 261 804 317; x_wconf 86' lang='grc' dir='ltr'>ι.</span> <span class='ocrx_word' id='word_1_6' title='bbox 818 259 847 318; x_wconf 87' lang='grc' dir='ltr'>ο.</span> 
     </span>
    </p>
   </div>
   <div class='ocr_carea' id='block_1_2' title="bbox 162 404 1263 1488">
    <p class='ocr_par' dir='ltr' id='par_1_2' title="bbox 191 404 1180 484">
     <span class='ocr_line' id='line_1_2' title="bbox 191 404 1180 484; baseline -0.002 -14"><span class='ocrx_word' id='word_1_7' title='bbox 191 406 351 483; x_wconf 84' lang='lat' dir='ltr'>liliumque</span> <span class='ocrx_word' id='word_1_8' title='bbox 370 407 463 470; x_wconf 87' lang='lat' dir='ltr'>veliet</span> <span class='ocrx_word' id='word_1_9' title='bbox 483 418 633 467; x_wconf 86' lang='lat' dir='ltr'>revocare</span> <span class='ocrx_word' id='word_1_10' title='bbox 653 405 694 466; x_wconf 84' lang='lat' dir='ltr'>cd</span> <span class='ocrx_word' id='word_1_11' title='bbox 712 405 854 466; x_wconf 87' lang='lat' dir='ltr'>virtutem</span> <span class='ocrx_word' id='word_1_12' title='bbox 874 421 894 466; x_wconf 85' lang='lat' dir='ltr'>a</span> <span class='ocrx_word' id='word_1_13' title='bbox 913 404 1036 484; x_wconf 81' lang='lat' dir='ltr'>perdita</span> <span class='ocrx_word' id='word_1_14' title='bbox 1049 407 1180 484; x_wconf 78' lang='lat' dir='ltr'>luxurie,</span> 
     </span>
    </p>

    <p class='ocr_par' dir='ltr' id='par_1_3' title="bbox 162 489 1263 818">
     <span class='ocr_line' id='line_1_3' title="bbox 162 489 1181 567; baseline -0.005 -11"><span class='ocrx_word' id='word_1_15' title='bbox 162 491 311 566; x_wconf 75' lang='lat' dir='ltr'>succepit</span> <span class='ocrx_word' id='word_1_16' title='bbox 330 489 548 567; x_wconf 86' lang='lat' dir='ltr'>gravissimum</span> <span class='ocrx_word' id='word_1_17' title='bbox 569 505 682 566; x_wconf 86' lang='lat' dir='ltr'>parcns</span> <span class='ocrx_word' id='word_1_18' title='bbox 702 491 815 550; x_wconf 89' lang='lat' dir='ltr'>vuinus</span> <span class='ocrx_word' id='word_1_19' title='bbox 839 495 938 550; x_wconf 83' lang='lat' dir='ltr'>morte</span> <span class='ocrx_word' id='word_1_20' title='bbox 961 489 1026 550; x_wconf 87' lang='lat' dir='ltr'>filii.</span> <span class='ocrx_word' id='word_1_21' title='bbox 1060 491 1181 551; x_wconf 79' lang='lat' dir='ltr'>Deinde</span> 
     </span>
     <span class='ocr_line' id='line_1_4' title="bbox 191 573 1183 650; baseline -0.002 -14"><span class='ocrx_word' id='word_1_22' title='bbox 191 581 259 636; x_wconf 89' lang='lat' dir='ltr'>orta</span> <span class='ocrx_word' id='word_1_23' title='bbox 269 574 424 636; x_wconf 81' lang='lat' dir='ltr'>dissensio</span> <span class='ocrx_word' id='word_1_24' title='bbox 437 573 573 634; x_wconf 88' lang='lat' dir='ltr'>estinter</span> <span class='ocrx_word' id='word_1_25' title='bbox 584 589 651 634; x_wconf 88' lang='lat' dir='ltr'>cum</span> <span class='ocrx_word' id='word_1_26' title='bbox 667 580 698 634; x_wconf 90' lang='lat' dir='ltr'>et</span> <span class='ocrx_word' id='word_1_27' title='bbox 709 573 912 634; x_wconf 79' lang='lat' dir='ltr'><strong>Heraclidem.</strong></span> <span class='ocrx_word' id='word_1_28' title='bbox 934 573 1000 648; x_wconf 78' lang='lat' dir='ltr'>Qui,</span> <span class='ocrx_word' id='word_1_29' title='bbox 1017 574 1092 650; x_wconf 87' lang='lat' dir='ltr'>quia</span> <span class='ocrx_word' id='word_1_30' title='bbox 1102 574 1183 650; x_wconf 92' lang='lat' dir='ltr'>prin-</span> 
     </span>
     <span class='ocr_line' id='line_1_5' title="bbox 193 657 1263 735; baseline 0.001 -16"><span class='ocrx_word' id='word_1_31' title='bbox 193 659 326 735; x_wconf 88' lang='lat' dir='ltr'>cipatum</span> <span class='ocrx_word' id='word_1_32' title='bbox 342 674 403 719; x_wconf 90' lang='lat' dir='ltr'>non</span> <span class='ocrx_word' id='word_1_33' title='bbox 419 657 618 732; x_wconf 87' lang='lat' dir='ltr'>concedebat,</span> <span class='ocrx_word' id='word_1_34' title='bbox 633 657 797 720; x_wconf 80' lang='lat' dir='ltr'><strong>factionem</strong></span> <span class='ocrx_word' id='word_1_35' title='bbox 812 657 1010 733; x_wconf 87' lang='lat' dir='ltr'>comparavit.</span> <span class='ocrx_word' id='word_1_36' title='bbox 1031 658 1183 732; x_wconf 80' lang='lat' dir='ltr'>Nequeis</span> <span class='ocrx_word' id='word_1_37' title='bbox 1262 715 1263 720; x_wconf 75' lang='grc'>,</span> 
     </span>
     <span class='ocr_line' id='line_1_6' title="bbox 191 741 1263 818; baseline 0 -16"><span class='ocrx_word' id='word_1_38' title='bbox 191 743 292 804; x_wconf 88' lang='lat' dir='ltr'>minus</span> <span class='ocrx_word' id='word_1_39' title='bbox 307 741 430 802; x_wconf 85' lang='lat' dir='ltr'>valebat</span> <span class='ocrx_word' id='word_1_40' title='bbox 443 743 528 817; x_wconf 88' lang='lat' dir='ltr'>apud</span> <span class='ocrx_word' id='word_1_41' title='bbox 540 742 713 818; x_wconf 80' lang='lat' dir='ltr'>optimates,</span> <span class='ocrx_word' id='word_1_42' title='bbox 730 757 859 818; x_wconf 90' lang='lat' dir='ltr'>quorum</span> <span class='ocrx_word' id='word_1_43' title='bbox 871 755 1027 802; x_wconf 89' lang='lat' dir='ltr'>consensu</span> <span class='ocrx_word' id='word_1_44' title='bbox 1041 749 1186 817; x_wconf 76' lang='lat' dir='ltr'><strong>praeerat</strong></span> <span class='ocrx_word' id='word_1_45' title='bbox 1262 753 1263 810; x_wconf 60' lang='grc' dir='ltr'>ι</span> 
     </span>
    </p>

    <p class='ocr_par' dir='ltr' id='par_1_4' title="bbox 162 825 1263 1236">
     <span class='ocr_line' id='line_1_7' title="bbox 162 825 1263 903; baseline -0.002 -15"><span class='ocrx_word' id='word_1_46' title='bbox 162 825 302 901; x_wconf 69' lang='lat' dir='ltr'>salassi,</span> <span class='ocrx_word' id='word_1_47' title='bbox 324 839 393 888; x_wconf 89' lang='lat' dir='ltr'>cum</span> <span class='ocrx_word' id='word_1_48' title='bbox 407 826 487 886; x_wconf 90' lang='lat' dir='ltr'>Dion</span> <span class='ocrx_word' id='word_1_49' title='bbox 502 826 671 886; x_wconf 91' lang='lat' dir='ltr'>exercitum</span> <span class='ocrx_word' id='word_1_50' title='bbox 684 826 860 903; x_wconf 86' lang='lat' dir='ltr'>pedestrem</span> <span class='ocrx_word' id='word_1_51' title='bbox 873 831 999 886; x_wconf 86' lang='lat' dir='ltr'>teneret.</span> <span class='ocrx_word' id='word_1_52' title='bbox 1033 825 1103 886; x_wconf 80' lang='lat' dir='ltr'>Non</span> <span class='ocrx_word' id='word_1_53' title='bbox 1118 827 1186 887; x_wconf 90' lang='lat' dir='ltr'>tulit</span> <span class='ocrx_word' id='word_1_54' title='bbox 1262 825 1263 876; x_wconf 78' lang='lat' dir='ltr'>l</span> 
     </span>
     <span class='ocr_line' id='line_1_8' title="bbox 190 908 1186 986; baseline 0 -16"><span class='ocrx_word' id='word_1_55' title='bbox 190 909 251 970; x_wconf 89' lang='lat' dir='ltr'>hoc</span> <span class='ocrx_word' id='word_1_56' title='bbox 267 908 368 970; x_wconf 87' lang='lat' dir='ltr'>animo</span> <span class='ocrx_word' id='word_1_57' title='bbox 383 925 484 985; x_wconf 90' lang='lat' dir='ltr'>aequo</span> <span class='ocrx_word' id='word_1_58' title='bbox 499 909 578 968; x_wconf 83' lang='lat' dir='ltr'>Dion</span> <span class='ocrx_word' id='word_1_59' title='bbox 594 911 624 970; x_wconf 83' lang='lat' dir='ltr'>et</span> <span class='ocrx_word' id='word_1_60' title='bbox 637 925 762 970; x_wconf 87' lang='lat' dir='ltr'>versum</span> <span class='ocrx_word' id='word_1_61' title='bbox 781 910 864 972; x_wconf 88' lang='lat' dir='ltr'>illum</span> <span class='ocrx_word' id='word_1_62' title='bbox 878 909 1003 986; x_wconf 84' lang='lat' dir='ltr'>Homeri</span> <span class='ocrx_word' id='word_1_63' title='bbox 1023 909 1128 970; x_wconf 84' lang='lat' dir='ltr'>retulit</span> <span class='ocrx_word' id='word_1_64' title='bbox 1146 926 1186 970; x_wconf 84' lang='lat' dir='ltr'>ex</span> 
     </span>
     <span class='ocr_line' id='line_1_9' title="bbox 192 984 1185 1070; baseline 0.002 -16"><span class='ocrx_word' id='word_1_65' title='bbox 192 991 331 1055; x_wconf 84' lang='lat' dir='ltr'>secunde</span> <span class='ocrx_word' id='word_1_66' title='bbox 344 993 554 1070; x_wconf 89' lang='lat' dir='ltr'>rhapsodia‚</span> <span class='ocrx_word' id='word_1_67' title='bbox 546 1009 577 1052; x_wconf 94' lang='lat' dir='ltr'>m</span> <span class='ocrx_word' id='word_1_68' title='bbox 593 1009 654 1068; x_wconf 92' lang='lat' dir='ltr'>quo</span> <span class='ocrx_word' id='word_1_69' title='bbox 674 993 751 1055; x_wconf 87' lang='lat' dir='ltr'>haec</span> <span class='ocrx_word' id='word_1_70' title='bbox 766 993 918 1054; x_wconf 87' lang='lat' dir='ltr'>sententia</span> <span class='ocrx_word' id='word_1_71' title='bbox 931 984 987 1068; x_wconf 83' lang='lat' dir='ltr'>est,</span> <span class='ocrx_word' id='word_1_72' title='bbox 1006 1008 1069 1054; x_wconf 90' lang='lat' dir='ltr'>non</span> <span class='ocrx_word' id='word_1_73' title='bbox 1085 1009 1185 1070; x_wconf 89' lang='lat' dir='ltr'>posse</span> 
     </span>
     <span class='ocr_line' id='line_1_10' title="bbox 192 1077 1185 1173; baseline 0.004 -37"><span class='ocrx_word' id='word_1_74' title='bbox 192 1077 271 1138; x_wconf 89' lang='lat' dir='ltr'>bene</span> <span class='ocrx_word' id='word_1_75' title='bbox 284 1077 349 1152; x_wconf 84' lang='lat' dir='ltr'>geri</span> <span class='ocrx_word' id='word_1_76' title='bbox 363 1093 428 1137; x_wconf 87' lang='lat' dir='ltr'>rem</span> <span class='ocrx_word' id='word_1_77' title='bbox 443 1077 597 1152; x_wconf 83' lang='lat' dir='ltr'>publicam</span> <span class='ocrx_word' id='word_1_78' title='bbox 612 1077 797 1140; x_wconf 84' lang='lat' dir='ltr'>multorum·</span> <span class='ocrx_word' id='word_1_79' title='bbox 791 1077 935 1152; x_wconf 78' lang='lat' dir='ltr'>imperiis.</span> <span class='ocrx_word' id='word_1_80' title='bbox 964 1077 1054 1173; x_wconf 74' lang='lat' dir='ltr'>Quod</span> <span class='ocrx_word' id='word_1_81' title='bbox 1068 1077 1185 1140; x_wconf 89' lang='lat' dir='ltr'>dictum</span> 
     </span>
     <span class='ocr_line' id='line_1_11' title="bbox 180 1160 1185 1236; baseline 0.004 -16.044"><span class='ocrx_word' id='word_1_82' title='bbox 180 1175 303 1236; x_wconf 82' lang='lat' dir='ltr'>magna</span> <span class='ocrx_word' id='word_1_83' title='bbox 324 1161 441 1220; x_wconf 89' lang='lat' dir='ltr'>invidia</span> <span class='ocrx_word' id='word_1_84' title='bbox 455 1168 622 1221; x_wconf 83' lang='lat' dir='ltr'>consecute</span> <span class='ocrx_word' id='word_1_85' title='bbox 641 1167 698 1220; x_wconf 88' lang='lat' dir='ltr'>est.</span> <span class='ocrx_word' id='word_1_86' title='bbox 726 1161 863 1236; x_wconf 83' lang='lat' dir='ltr'>Namque</span> <span class='ocrx_word' id='word_1_87' title='bbox 878 1160 1041 1236; x_wconf 88' lang='lat' dir='ltr'>aperuisse</span> <span class='ocrx_word' id='word_1_88' title='bbox 1054 1161 1185 1224; x_wconf 86' lang='lat' dir='ltr'>videba-</span> 
     </span>
    </p>

    <p class='ocr_par' dir='ltr' id='par_1_5' title="bbox 162 1243 1186 1488">
     <span class='ocr_line' id='line_1_12' title="bbox 162 1243 1186 1320; baseline 0 -14"><span class='ocrx_word' id='word_1_89' title='bbox 162 1251 180 1305; x_wconf 83' lang='grc' dir='ltr'>ιι</span> <span class='ocrx_word' id='word_1_90' title='bbox 192 1250 241 1306; x_wconf 89' lang='lat' dir='ltr'>tur</span> <span class='ocrx_word' id='word_1_91' title='bbox 256 1244 359 1304; x_wconf 90' lang='lat' dir='ltr'>omnia</span> <span class='ocrx_word' id='word_1_92' title='bbox 372 1244 403 1303; x_wconf 91' lang='lat' dir='ltr'>in</span> <span class='ocrx_word' id='word_1_93' title='bbox 417 1259 474 1304; x_wconf 86' lang='lat' dir='ltr'>suo</span> <span class='ocrx_word' id='word_1_94' title='bbox 487 1249 641 1320; x_wconf 88' lang='lat' dir='ltr'>potestate</span> <span class='ocrx_word' id='word_1_95' title='bbox 655 1259 727 1304; x_wconf 88' lang='lat' dir='ltr'>esse</span> <span class='ocrx_word' id='word_1_96' title='bbox 739 1245 828 1304; x_wconf 88' lang='lat' dir='ltr'>velle.</span> <span class='ocrx_word' id='word_1_97' title='bbox 849 1243 936 1304; x_wconf 88' lang='lat' dir='ltr'>Hanc</span> <span class='ocrx_word' id='word_1_98' title='bbox 950 1244 1001 1304; x_wconf 88' lang='lat' dir='ltr'>ille</span> <span class='ocrx_word' id='word_1_99' title='bbox 1011 1259 1074 1305; x_wconf 90' lang='lat' dir='ltr'>non</span> <span class='ocrx_word' id='word_1_100' title='bbox 1087 1246 1186 1306; x_wconf 89' lang='lat' dir='ltr'>lenire</span> 
     </span>
     <span class='ocr_line' id='line_1_13' title="bbox 191 1327 1186 1406; baseline 0.002 -17"><span class='ocrx_word' id='word_1_101' title='bbox 191 1327 344 1404; x_wconf 85' lang='lat' dir='ltr'>obsequio</span> <span class='ocrx_word' id='word_1_102' title='bbox 356 1328 415 1388; x_wconf 88' lang='lat' dir='ltr'>sed</span> <span class='ocrx_word' id='word_1_103' title='bbox 426 1327 591 1389; x_wconf 89' lang='lat' dir='ltr'>acerbitate</span> <span class='ocrx_word' id='word_1_104' title='bbox 602 1329 777 1406; x_wconf 88' lang='lat' dir='ltr'>opprimere</span> <span class='ocrx_word' id='word_1_105' title='bbox 788 1328 904 1389; x_wconf 88' lang='lat' dir='ltr'>studuit</span> <span class='ocrx_word' id='word_1_106' title='bbox 916 1327 1186 1406; x_wconf 87' lang='lat' dir='ltr'>Heraclidemque</span> 
     </span>
     <span class='ocr_line' id='line_1_14' title="bbox 191 1411 1021 1488; baseline -0.004 -15"><span class='ocrx_word' id='word_1_107' title='bbox 191 1427 260 1474; x_wconf 76' lang='lat' dir='ltr'>crim</span> <span class='ocrx_word' id='word_1_108' title='bbox 277 1411 454 1488; x_wconf 82' lang='lat' dir='ltr'>Syracusas</span> <span class='ocrx_word' id='word_1_109' title='bbox 469 1413 617 1487; x_wconf 85' lang='lat' dir='ltr'>venisset,</span> <span class='ocrx_word' id='word_1_110' title='bbox 633 1413 879 1473; x_wconf 86' lang='lat' dir='ltr'>interficiundum</span> <span class='ocrx_word' id='word_1_111' title='bbox 893 1413 1021 1472; x_wconf 88' lang='lat' dir='ltr'>curavit.</span> 
     </span>
    </p>
   </div>
   <div class='ocr_carea' id='block_1_3' title="bbox 44 1493 1184 1571">
    <p class='ocr_par' dir='ltr' id='par_1_6' title="bbox 44 1493 1184 1571">
     <span class='ocr_line' id='line_1_15' title="bbox 44 1493 1184 1571; baseline 0.001 -15"><span class='ocrx_word' id='word_1_112' title='bbox 44 1493 48 1502; x_wconf 92' lang='lat'><em>&#39;</em></span> <span class='ocrx_word' id='word_1_113' title='bbox 147 1497 205 1557; x_wconf 88' lang='lat' dir='ltr'>VII</span> <span class='ocrx_word' id='word_1_114' title='bbox 263 1493 351 1571; x_wconf 81' lang='lat' dir='ltr'>Quod</span> <span class='ocrx_word' id='word_1_115' title='bbox 363 1496 476 1556; x_wconf 89' lang='lat' dir='ltr'>iactum</span> <span class='ocrx_word' id='word_1_116' title='bbox 488 1497 630 1558; x_wconf 79' lang='lat' dir='ltr'>omnibus</span> <span class='ocrx_word' id='word_1_117' title='bbox 641 1511 804 1558; x_wconf 81' lang='lat' dir='ltr'>maximum</span> <span class='ocrx_word' id='word_1_118' title='bbox 816 1497 956 1556; x_wconf 78' lang='lat' dir='ltr'>timorem</span> <span class='ocrx_word' id='word_1_119' title='bbox 967 1496 1079 1556; x_wconf 83' lang='lat' dir='ltr'>rmecrt</span> <span class='ocrx_word' id='word_1_120' title='bbox 1086 1497 1184 1558; x_wconf 86' lang='lat' dir='ltr'>Nemo</span> 
     </span>
    </p>
   </div>
   <div class='ocr_carea' id='block_1_4' title="bbox 162 1561 1186 2562">
    <p class='ocr_par' dir='ltr' id='par_1_7' title="bbox 192 1561 1184 1741">
     <span class='ocr_line' id='line_1_16' title="bbox 192 1561 1182 1658; baseline -0.001 -17"><span class='ocrx_word' id='word_1_121' title='bbox 192 1579 273 1642; x_wconf 90' lang='lat' dir='ltr'>enim</span> <span class='ocrx_word' id='word_1_122' title='bbox 294 1579 346 1640; x_wconf 91' lang='lat' dir='ltr'>illo</span> <span class='ocrx_word' id='word_1_123' title='bbox 367 1579 527 1640; x_wconf 86' lang='lat' dir='ltr'>interiecto</span> <span class='ocrx_word' id='word_1_124' title='bbox 548 1597 584 1640; x_wconf 89' lang='lat' dir='ltr'>se</span> <span class='ocrx_word' id='word_1_125' title='bbox 602 1587 699 1641; x_wconf 92' lang='lat' dir='ltr'>tutum</span> <span class='ocrx_word' id='word_1_126' title='bbox 718 1561 852 1658; x_wconf 72' lang='lat' dir='ltr'>putabat.</span> <span class='ocrx_word' id='word_1_127' title='bbox 831 1571 935 1640; x_wconf 92' lang='lat' dir='ltr'>tllle</span> <span class='ocrx_word' id='word_1_128' title='bbox 949 1585 1049 1640; x_wconf 88' lang='lat' dir='ltr'>eutem</span> <span class='ocrx_word' id='word_1_129' title='bbox 1071 1581 1182 1641; x_wconf 87' lang='lat' dir='ltr'>edver-</span> 
     </span>
     <span class='ocr_line' id='line_1_17' title="bbox 192 1661 1184 1741; baseline 0.001 -16"><span class='ocrx_word' id='word_1_130' title='bbox 192 1664 274 1726; x_wconf 90' lang='lat' dir='ltr'>sario</span> <span class='ocrx_word' id='word_1_131' title='bbox 290 1669 407 1724; x_wconf 88' lang='lat' dir='ltr'>remoto</span> <span class='ocrx_word' id='word_1_132' title='bbox 422 1661 563 1724; x_wconf 87' lang='lat' dir='ltr'>licentius</span> <span class='ocrx_word' id='word_1_133' title='bbox 578 1681 684 1726; x_wconf 85' lang='lat' dir='ltr'>eorum</span> <span class='ocrx_word' id='word_1_134' title='bbox 699 1665 781 1727; x_wconf 88' lang='lat' dir='ltr'>bona</span> <span class='ocrx_word' id='word_1_135' title='bbox 797 1679 877 1741; x_wconf 82' lang='lat' dir='ltr'>quos</span> <span class='ocrx_word' id='word_1_136' title='bbox 897 1662 1015 1726; x_wconf 81' lang='lat' dir='ltr'>sciebat</span> <span class='ocrx_word' id='word_1_137' title='bbox 1029 1665 1184 1728; x_wconf 85' lang='lat' dir='ltr'>adversus</span> 
     </span>
    </p>

    <p class='ocr_par' dir='ltr' id='par_1_8' title="bbox 162 1745 1186 2075">
     <span class='ocr_line' id='line_1_18' title="bbox 162 1745 1186 1825; baseline -0.004 -11"><span class='ocrx_word' id='word_1_138' title='bbox 162 1759 227 1814; x_wconf 71' lang='lat' dir='ltr'>ise</span> <span class='ocrx_word' id='word_1_139' title='bbox 238 1747 376 1810; x_wconf 85' lang='lat' dir='ltr'>sensisse</span> <span class='ocrx_word' id='word_1_140' title='bbox 387 1745 530 1809; x_wconf 88' lang='lat' dir='ltr'>militibus</span> <span class='ocrx_word' id='word_1_141' title='bbox 543 1748 724 1825; x_wconf 84' lang='lat' dir='ltr'>dispertivit.</span> <span class='ocrx_word' id='word_1_142' title='bbox 740 1748 856 1822; x_wconf 82' lang='lat' dir='ltr'>Quibus</span> <span class='ocrx_word' id='word_1_143' title='bbox 868 1748 986 1823; x_wconf 89' lang='lat' dir='ltr'>divisis,</span> <span class='ocrx_word' id='word_1_144' title='bbox 1002 1763 1072 1810; x_wconf 90' lang='lat' dir='ltr'>cum</span> <span class='ocrx_word' id='word_1_145' title='bbox 1083 1749 1186 1823; x_wconf 89' lang='lat' dir='ltr'>quoti·</span> 
     </span>
     <span class='ocr_line' id='line_1_19' title="bbox 192 1830 1186 1910; baseline 0 -16"><span class='ocrx_word' id='word_1_146' title='bbox 192 1833 275 1894; x_wconf 88' lang='lat' dir='ltr'>diani</span> <span class='ocrx_word' id='word_1_147' title='bbox 296 1830 420 1892; x_wconf 89' lang='lat' dir='ltr'>maximi</span> <span class='ocrx_word' id='word_1_148' title='bbox 443 1831 552 1894; x_wconf 87' lang='lat' dir='ltr'>fierent</span> <span class='ocrx_word' id='word_1_149' title='bbox 571 1840 727 1910; x_wconf 90' lang='lat' dir='ltr'>sumptus,</span> <span class='ocrx_word' id='word_1_150' title='bbox 756 1832 895 1892; x_wconf 83' lang='lat' dir='ltr'>celeriter</span> <span class='ocrx_word' id='word_1_151' title='bbox 916 1832 1047 1908; x_wconf 87' lang='lat' dir='ltr'>pecunia</span> <span class='ocrx_word' id='word_1_152' title='bbox 1068 1832 1186 1894; x_wconf 85' lang='lat' dir='ltr'>deesse</span> 
     </span>
     <span class='ocr_line' id='line_1_20' title="bbox 193 1915 1185 1992; baseline 0.001 -16"><span class='ocrx_word' id='word_1_153' title='bbox 193 1917 312 1990; x_wconf 87' lang='lat' dir='ltr'>eoepit,</span> <span class='ocrx_word' id='word_1_154' title='bbox 334 1931 439 1990; x_wconf 88' lang='lat' dir='ltr'>neque</span> <span class='ocrx_word' id='word_1_155' title='bbox 460 1931 522 1991; x_wconf 90' lang='lat' dir='ltr'>quo</span> <span class='ocrx_word' id='word_1_156' title='bbox 544 1933 653 1978; x_wconf 87' lang='lat' dir='ltr'>munus</span> <span class='ocrx_word' id='word_1_157' title='bbox 675 1917 847 1992; x_wconf 84' lang='lat' dir='ltr'>porrigeret</span> <span class='ocrx_word' id='word_1_158' title='bbox 868 1915 1053 1992; x_wconf 85' lang='lat' dir='ltr'>suppetebat</span> <span class='ocrx_word' id='word_1_159' title='bbox 1072 1916 1134 1977; x_wconf 91' lang='lat' dir='ltr'>nisi</span> <span class='ocrx_word' id='word_1_160' title='bbox 1153 1917 1185 1977; x_wconf 92' lang='lat' dir='ltr'>in</span> 
     </span>
     <span class='ocr_line' id='line_1_21' title="bbox 192 1999 1185 2075; baseline 0.002 -15"><span class='ocrx_word' id='word_1_161' title='bbox 192 1999 361 2060; x_wconf 86' lang='lat' dir='ltr'>amicorum</span> <span class='ocrx_word' id='word_1_162' title='bbox 373 1999 604 2074; x_wconf 90' lang='lat' dir='ltr'>possessiones.</span> <span class='ocrx_word' id='word_1_163' title='bbox 625 2001 660 2061; x_wconf 88' lang='lat' dir='ltr'>id</span> <span class='ocrx_word' id='word_1_164' title='bbox 673 2000 834 2061; x_wconf 88' lang='lat' dir='ltr'>eiusmodi</span> <span class='ocrx_word' id='word_1_165' title='bbox 846 2009 919 2071; x_wconf 87' lang='lat' dir='ltr'>erat,</span> <span class='ocrx_word' id='word_1_166' title='bbox 936 2006 976 2075; x_wconf 90' lang='lat' dir='ltr'>ut,</span> <span class='ocrx_word' id='word_1_167' title='bbox 992 2015 1062 2060; x_wconf 89' lang='lat' dir='ltr'>cum</span> <span class='ocrx_word' id='word_1_168' title='bbox 1071 2001 1185 2062; x_wconf 85' lang='lat' dir='ltr'>utilites</span> 
     </span>
    </p>

    <p class='ocr_par' dir='ltr' id='par_1_9' title="bbox 163 2079 1186 2562">
     <span class='ocr_line' id='line_1_22' title="bbox 163 2079 1186 2160; baseline 0.004 -18"><span class='ocrx_word' id='word_1_169' title='bbox 163 2082 440 2156; x_wconf 71' lang='lat' dir='ltr'>preconciliussct‚</span> <span class='ocrx_word' id='word_1_170' title='bbox 464 2083 613 2144; x_wconf 86' lang='lat' dir='ltr'>amitteret</span> <span class='ocrx_word' id='word_1_171' title='bbox 628 2084 800 2160; x_wconf 88' lang='lat' dir='ltr'>optimates.</span> <span class='ocrx_word' id='word_1_172' title='bbox 834 2079 1086 2158; x_wconf 71' lang='lat' dir='ltr'>Quarumfrerum</span> <span class='ocrx_word' id='word_1_173' title='bbox 1110 2099 1186 2146; x_wconf 86' lang='lat' dir='ltr'>curu</span> 
     </span>
     <span class='ocr_line' id='line_1_23' title="bbox 192 2165 1184 2244; baseline 0.002 -16"><span class='ocrx_word' id='word_1_174' title='bbox 192 2165 390 2242; x_wconf 77' lang='lat' dir='ltr'>frangebatur</span> <span class='ocrx_word' id='word_1_175' title='bbox 409 2173 440 2228; x_wconf 88' lang='lat' dir='ltr'>et</span> <span class='ocrx_word' id='word_1_176' title='bbox 459 2167 599 2229; x_wconf 89' lang='lat' dir='ltr'>insuetus</span> <span class='ocrx_word' id='word_1_177' title='bbox 614 2171 694 2230; x_wconf 87' lang='lat' dir='ltr'>male</span> <span class='ocrx_word' id='word_1_178' title='bbox 712 2167 859 2240; x_wconf 86' lang='lat' dir='ltr'>audiendi</span> <span class='ocrx_word' id='word_1_179' title='bbox 880 2184 942 2227; x_wconf 95' lang='lat' dir='ltr'>non</span> <span class='ocrx_word' id='word_1_180' title='bbox 961 2167 1184 2244; x_wconf 84' lang='lat' dir='ltr'>animoaequo</span> 
     </span>
     <span class='ocr_line' id='line_1_24' title="bbox 191 2250 1184 2327; baseline 0.004 -17"><span class='ocrx_word' id='word_1_181' title='bbox 191 2251 311 2314; x_wconf 85' lang='lat' dir='ltr'>ferebat</span> <span class='ocrx_word' id='word_1_182' title='bbox 325 2250 412 2312; x_wconf 87' lang='lat' dir='ltr'>dese</span> <span class='ocrx_word' id='word_1_183' title='bbox 427 2251 466 2312; x_wconf 82' lang='lat' dir='ltr'>ab</span> <span class='ocrx_word' id='word_1_184' title='bbox 481 2251 519 2312; x_wconf 91' lang='lat' dir='ltr'>iis</span> <span class='ocrx_word' id='word_1_185' title='bbox 534 2254 614 2312; x_wconf 84' lang='lat' dir='ltr'>male</span> <span class='ocrx_word' id='word_1_186' title='bbox 628 2253 795 2312; x_wconf 83' lang='lat' dir='ltr'>existimari</span> <span class='ocrx_word' id='word_1_187' title='bbox 811 2267 942 2327; x_wconf 88' lang='lat' dir='ltr'>quorum</span> <span class='ocrx_word' id='word_1_188' title='bbox 956 2253 1050 2326; x_wconf 87' lang='lat' dir='ltr'>paulo</span> <span class='ocrx_word' id='word_1_189' title='bbox 1063 2261 1135 2314; x_wconf 85' lang='lat' dir='ltr'>ante</span> <span class='ocrx_word' id='word_1_190' title='bbox 1151 2254 1184 2314; x_wconf 92' lang='lat' dir='ltr'>in</span> 
     </span>
     <span class='ocr_line' id='line_1_25' title="bbox 192 2333 1185 2410; baseline 0 -15"><span class='ocrx_word' id='word_1_191' title='bbox 192 2335 312 2397; x_wconf 85' lang='lat' dir='ltr'>coelum</span> <span class='ocrx_word' id='word_1_192' title='bbox 327 2333 427 2395; x_wconf 88' lang='lat' dir='ltr'>luerat</span> <span class='ocrx_word' id='word_1_193' title='bbox 440 2336 538 2396; x_wconf 90' lang='lat' dir='ltr'>elatus</span> <span class='ocrx_word' id='word_1_194' title='bbox 558 2336 711 2398; x_wconf 90' lang='lat' dir='ltr'>laudibus.</span> <span class='ocrx_word' id='word_1_195' title='bbox 743 2336 865 2410; x_wconf 78' lang='lat' dir='ltr'>Vulgus</span> <span class='ocrx_word' id='word_1_196' title='bbox 885 2342 985 2395; x_wconf 87' lang='lat' dir='ltr'>autem</span> <span class='ocrx_word' id='word_1_197' title='bbox 1009 2336 1162 2397; x_wconf 86' lang='lat' dir='ltr'>offensa&#39;</span> <span class='ocrx_word' id='word_1_198' title='bbox 1152 2353 1185 2396; x_wconf 89' lang='grc' dir='ltr'>ιιι</span> 
     </span>
     <span class='ocr_line' id='line_1_26' title="bbox 192 2415 1184 2529; baseline 0.002 -51"><span class='ocrx_word' id='word_1_199' title='bbox 192 2431 263 2480; x_wconf 90' lang='lat' dir='ltr'>eum</span> <span class='ocrx_word' id='word_1_200' title='bbox 283 2417 410 2476; x_wconf 92' lang='lat' dir='ltr'>militum</span> <span class='ocrx_word' id='word_1_201' title='bbox 431 2419 589 2480; x_wconf 86' lang='lat' dir='ltr'>voluntate</span> <span class='ocrx_word' id='word_1_202' title='bbox 615 2415 741 2482; x_wconf 86' lang='lat' dir='ltr'>liberius</span> <span class='ocrx_word' id='word_1_203' title='bbox 763 2419 947 2523; x_wconf 84' lang='lat' dir='ltr'>loquebatur</span> <span class='ocrx_word' id='word_1_204' title='bbox 968 2426 997 2480; x_wconf 88' lang='lat' dir='ltr'>et</span> <span class='ocrx_word' id='word_1_205' title='bbox 1017 2427 1184 2529; x_wconf 80' lang='lat' dir='ltr'>tyrannum</span> 
     </span>
     <span class='ocr_line' id='line_1_27' title="bbox 192 2500 608 2562; baseline 0.005 -2"><span class='ocrx_word' id='word_1_206' title='bbox 192 2513 255 2560; x_wconf 90' lang='lat' dir='ltr'>non</span> <span class='ocrx_word' id='word_1_207' title='bbox 269 2500 428 2560; x_wconf 83' lang='lat' dir='ltr'>serendum</span> <span class='ocrx_word' id='word_1_208' title='bbox 443 2503 608 2562; x_wconf 84' lang='lat' dir='ltr'>dictitabat.</span> 
     </span>
    </p>
   </div>
   <div class='ocr_carea' id='block_1_5' title="bbox 104 2581 1263 3622">
    <p class='ocr_par' dir='ltr' id='par_1_10' title="bbox 104 2581 1263 2914">
     <span class='ocr_line' id='line_1_28' title="bbox 104 2581 1263 2670; baseline 0.004 -27"><span class='ocrx_word' id='word_1_209' title='bbox 104 2663 107 2670; x_wconf 66' lang='lat'>,</span> <span class='ocrx_word' id='word_1_210' title='bbox 148 2581 221 2644; x_wconf 88' lang='lat' dir='ltr'>VIII</span> <span class='ocrx_word' id='word_1_211' title='bbox 282 2584 368 2646; x_wconf 84' lang='lat' dir='ltr'>Haec</span> <span class='ocrx_word' id='word_1_212' title='bbox 391 2585 444 2645; x_wconf 87' lang='lat' dir='ltr'>ille</span> <span class='ocrx_word' id='word_1_213' title='bbox 465 2585 588 2648; x_wconf 89' lang='lat' dir='ltr'>intuens</span> <span class='ocrx_word' id='word_1_214' title='bbox 610 2603 680 2649; x_wconf 95' lang='lat' dir='ltr'>cum</span> <span class='ocrx_word' id='word_1_215' title='bbox 705 2586 965 2662; x_wconf 87' lang='lat' dir='ltr'>quemadmodum</span> <span class='ocrx_word' id='word_1_216' title='bbox 986 2587 1111 2648; x_wconf 84' lang='lat' dir='ltr'>sederet</span> <span class='ocrx_word' id='word_1_217' title='bbox 1130 2603 1187 2648; x_wconf 89' lang='lat' dir='ltr'>ne·</span> <span class='ocrx_word' id='word_1_218' title='bbox 1262 2623 1263 2630; x_wconf 30' lang='grc' dir='ltr'>ι</span> 
     </span>
     <span class='ocr_line' id='line_1_29' title="bbox 193 2668 1185 2748; baseline 0.002 -18"><span class='ocrx_word' id='word_1_219' title='bbox 193 2668 286 2730; x_wconf 88' lang='lat' dir='ltr'>sciret</span> <span class='ocrx_word' id='word_1_220' title='bbox 273 2674 337 2730; x_wconf 89' lang='lat' dir='ltr'>tet</span> <span class='ocrx_word' id='word_1_221' title='bbox 358 2685 506 2744; x_wconf 89' lang='lat' dir='ltr'>quorsum</span> <span class='ocrx_word' id='word_1_222' title='bbox 526 2672 694 2732; x_wconf 80' lang='lat' dir='ltr'>euaderent</span> <span class='ocrx_word' id='word_1_223' title='bbox 713 2671 841 2747; x_wconf 85' lang='lat' dir='ltr'>timeret,</span> <span class='ocrx_word' id='word_1_224' title='bbox 855 2671 1031 2732; x_wconf 85' lang='lat' dir='ltr'>Callicrates</span> <span class='ocrx_word' id='word_1_225' title='bbox 1048 2671 1185 2748; x_wconf 75' lang='lat' dir='ltr'>quiderm</span> 
     </span>
     <span class='ocr_line' id='line_1_30' title="bbox 193 2752 1185 2831; baseline 0.001 -17"><span class='ocrx_word' id='word_1_226' title='bbox 193 2752 271 2814; x_wconf 89' lang='lat' dir='ltr'>civis</span> <span class='ocrx_word' id='word_1_227' title='bbox 292 2753 500 2831; x_wconf 84' lang='lat' dir='ltr'>Atheniensis,</span> <span class='ocrx_word' id='word_1_228' title='bbox 524 2756 576 2830; x_wconf 89' lang='lat' dir='ltr'>qui</span> <span class='ocrx_word' id='word_1_229' title='bbox 599 2757 687 2817; x_wconf 91' lang='lat' dir='ltr'>simut</span> <span class='ocrx_word' id='word_1_230' title='bbox 712 2771 780 2816; x_wconf 91' lang='lat' dir='ltr'>cum</span> <span class='ocrx_word' id='word_1_231' title='bbox 801 2769 839 2814; x_wconf 88' lang='lat' dir='ltr'>eo</span> <span class='ocrx_word' id='word_1_232' title='bbox 859 2771 900 2815; x_wconf 85' lang='lat' dir='ltr'>ex</span> <span class='ocrx_word' id='word_1_233' title='bbox 913 2753 1129 2831; x_wconf 84' lang='lat' dir='ltr'>Peloponneso</span> <span class='ocrx_word' id='word_1_234' title='bbox 1150 2755 1185 2815; x_wconf 91' lang='lat' dir='ltr'>in</span> 
     </span>
     <span class='ocr_line' id='line_1_31' title="bbox 194 2834 1183 2914; baseline 0.002 -17"><span class='ocrx_word' id='word_1_235' title='bbox 194 2834 329 2897; x_wconf 88' lang='lat' dir='ltr'>Siciliam</span> <span class='ocrx_word' id='word_1_236' title='bbox 343 2846 479 2914; x_wconf 68' lang='lat' dir='ltr'>venerat,</span> <span class='ocrx_word' id='word_1_237' title='bbox 504 2839 597 2902; x_wconf 89' lang='lat' dir='ltr'>bomo</span> <span class='ocrx_word' id='word_1_238' title='bbox 614 2847 645 2900; x_wconf 90' lang='lat' dir='ltr'>et</span> <span class='ocrx_word' id='word_1_239' title='bbox 658 2840 787 2901; x_wconf 89' lang='lat' dir='ltr'>callidus</span> <span class='ocrx_word' id='word_1_240' title='bbox 803 2846 834 2899; x_wconf 87' lang='lat' dir='ltr'>et</span> <span class='ocrx_word' id='word_1_241' title='bbox 850 2839 890 2900; x_wconf 91' lang='lat' dir='ltr'>ad</span> <span class='ocrx_word' id='word_1_242' title='bbox 905 2839 1046 2900; x_wconf 80' lang='lat' dir='ltr'>fraudem</span> <span class='ocrx_word' id='word_1_243' title='bbox 1061 2845 1183 2913; x_wconf 86' lang='lat' dir='ltr'>acutus,</span> 
     </span>
    </p>

    <p class='ocr_par' dir='ltr' id='par_1_11' title="bbox 165 2919 1203 3420">
     <span class='ocr_line' id='line_1_32' title="bbox 165 2919 1185 3000; baseline 0 -18"><span class='ocrx_word' id='word_1_244' title='bbox 165 2919 261 2993; x_wconf 67' lang='lat' dir='ltr'>asine</span> <span class='ocrx_word' id='word_1_245' title='bbox 281 2921 345 2981; x_wconf 76' lang='lat' dir='ltr'>tilla</span> <span class='ocrx_word' id='word_1_246' title='bbox 361 2921 511 2997; x_wconf 88' lang='lat' dir='ltr'>religione</span> <span class='ocrx_word' id='word_1_247' title='bbox 532 2939 569 2984; x_wconf 90' lang='lat' dir='ltr'>ac</span> <span class='ocrx_word' id='word_1_248' title='bbox 590 2924 662 3000; x_wconf 87' lang='lat' dir='ltr'>lide,</span> <span class='ocrx_word' id='word_1_249' title='bbox 683 2923 748 2984; x_wconf 88' lang='lat' dir='ltr'>edit</span> <span class='ocrx_word' id='word_1_250' title='bbox 769 2923 810 2983; x_wconf 86' lang='lat' dir='ltr'>ad</span> <span class='ocrx_word' id='word_1_251' title='bbox 831 2923 962 2984; x_wconf 84' lang='lat' dir='ltr'>Dionem</span> <span class='ocrx_word' id='word_1_252' title='bbox 983 2929 1013 2983; x_wconf 92' lang='lat' dir='ltr'>et</span> <span class='ocrx_word' id='word_1_253' title='bbox 1034 2922 1089 2984; x_wconf 79' lang='lat' dir='ltr'>ait:</span> <span class='ocrx_word' id='word_1_254' title='bbox 1111 2939 1185 2984; x_wconf 89' lang='lat' dir='ltr'>eum</span> 
     </span>
     <span class='ocr_line' id='line_1_33' title="bbox 193 3001 1187 3084; baseline 0.004 -20"><span class='ocrx_word' id='word_1_255' title='bbox 193 3019 305 3080; x_wconf 86' lang='lat' dir='ltr'>magno</span> <span class='ocrx_word' id='word_1_256' title='bbox 333 3005 365 3064; x_wconf 91' lang='lat' dir='ltr'>in</span> <span class='ocrx_word' id='word_1_257' title='bbox 379 3001 527 3082; x_wconf 87' lang='lat' dir='ltr'>&#39;periculo</span> <span class='ocrx_word' id='word_1_258' title='bbox 549 3023 622 3068; x_wconf 89' lang='lat' dir='ltr'>esse</span> <span class='ocrx_word' id='word_1_259' title='bbox 646 3014 773 3084; x_wconf 87' lang='lat' dir='ltr'>propter</span> <span class='ocrx_word' id='word_1_260' title='bbox 800 3005 1004 3082; x_wconf 83' lang='lat' dir='ltr'>offensionem</span> <span class='ocrx_word' id='word_1_261' title='bbox 1025 3007 1133 3084; x_wconf 89' lang='lat' dir='ltr'>populi</span> <span class='ocrx_word' id='word_1_262' title='bbox 1153 3011 1187 3068; x_wconf 85' lang='lat' dir='ltr'>et</span> 
     </span>
     <span class='ocr_line' id='line_1_34' title="bbox 194 3087 1185 3168; baseline 0.002 -20"><span class='ocrx_word' id='word_1_263' title='bbox 194 3088 300 3149; x_wconf 88' lang='lat' dir='ltr'>odium</span> <span class='ocrx_word' id='word_1_264' title='bbox 314 3087 451 3164; x_wconf 90' lang='lat' dir='ltr'>militum,</span> <span class='ocrx_word' id='word_1_265' title='bbox 475 3092 559 3166; x_wconf 87' lang='lat' dir='ltr'>quod</span> <span class='ocrx_word' id='word_1_266' title='bbox 573 3093 657 3153; x_wconf 92' lang='lat' dir='ltr'>nullo</span> <span class='ocrx_word' id='word_1_267' title='bbox 675 3092 769 3152; x_wconf 93' lang='lat' dir='ltr'>modo</span> <span class='ocrx_word' id='word_1_268' title='bbox 784 3090 901 3152; x_wconf 87' lang='lat' dir='ltr'>evitare</span> <span class='ocrx_word' id='word_1_269' title='bbox 915 3096 1034 3168; x_wconf 87' lang='lat' dir='ltr'>posset,</span> <span class='ocrx_word' id='word_1_270' title='bbox 1055 3091 1116 3152; x_wconf 87' lang='lat' dir='ltr'>nisi</span> <span class='ocrx_word' id='word_1_271' title='bbox 1130 3090 1185 3151; x_wconf 87' lang='lat' dir='ltr'>ali-</span> 
     </span>
     <span class='ocr_line' id='line_1_35' title="bbox 194 3172 1203 3252; baseline 0.001 -19"><span class='ocrx_word' id='word_1_272' title='bbox 194 3172 244 3234; x_wconf 90' lang='lat' dir='ltr'>cui</span> <span class='ocrx_word' id='word_1_273' title='bbox 259 3187 385 3234; x_wconf 85' lang='lat' dir='ltr'>suorum</span> <span class='ocrx_word' id='word_1_274' title='bbox 399 3174 555 3248; x_wconf 86' lang='lat' dir='ltr'>negotium</span> <span class='ocrx_word' id='word_1_275' title='bbox 568 3176 655 3238; x_wconf 89' lang='lat' dir='ltr'>deret</span> <span class='ocrx_word' id='word_1_276' title='bbox 670 3176 721 3252; x_wconf 86' lang='lat' dir='ltr'>qui</span> <span class='ocrx_word' id='word_1_277' title='bbox 736 3190 772 3236; x_wconf 87' lang='lat' dir='ltr'>se</span> <span class='ocrx_word' id='word_1_278' title='bbox 785 3175 943 3236; x_wconf 86' lang='lat' dir='ltr'>simularet</span> <span class='ocrx_word' id='word_1_279' title='bbox 955 3175 999 3236; x_wconf 88' lang='lat' dir='ltr'>illi</span> <span class='ocrx_word' id='word_1_280' title='bbox 1010 3176 1185 3246; x_wconf 68' lang='lat' dir='ltr'>inimicum</span> <span class='ocrx_word' id='word_1_281' title='bbox 1199 3175 1203 3181; x_wconf 74' lang='grc'><strong>’</strong></span> 
     </span>
     <span class='ocr_line' id='line_1_36' title="bbox 195 3254 1186 3336; baseline 0.002 -20"><span class='ocrx_word' id='word_1_282' title='bbox 195 3271 287 3332; x_wconf 85' lang='lat' dir='ltr'>quem</span> <span class='ocrx_word' id='word_1_283' title='bbox 308 3255 335 3316; x_wconf 89' lang='lat' dir='ltr'>si</span> <span class='ocrx_word' id='word_1_284' title='bbox 355 3254 525 3319; x_wconf 89' lang='lat' dir='ltr'>invenisset</span> <span class='ocrx_word' id='word_1_285' title='bbox 543 3259 703 3336; x_wconf 88' lang='lat' dir='ltr'>idoneum,</span> <span class='ocrx_word' id='word_1_286' title='bbox 724 3260 814 3320; x_wconf 76' lang='lat' dir='ltr'>facile</span> <span class='ocrx_word' id='word_1_287' title='bbox 835 3261 968 3320; x_wconf 91' lang='lat' dir='ltr'>omnium</span> <span class='ocrx_word' id='word_1_288' title='bbox 991 3259 1110 3319; x_wconf 83' lang='lat' dir='ltr'>animos</span> <span class='ocrx_word' id='word_1_289' title='bbox 1131 3273 1186 3318; x_wconf 91' lang='lat' dir='ltr'>co·</span> 
     </span>
     <span class='ocr_line' id='line_1_37' title="bbox 194 3339 1186 3420; baseline 0.003 -21"><span class='ocrx_word' id='word_1_290' title='bbox 194 3339 346 3416; x_wconf 87' lang='lat' dir='ltr'>gniturum</span> <span class='ocrx_word' id='word_1_291' title='bbox 365 3340 659 3420; x_wconf 86' lang='lat' dir='ltr'>adversariosque</span> <span class='ocrx_word' id='word_1_292' title='bbox 648 3343 852 3420; x_wconf 88' lang='lat' dir='ltr'>sublaturum,</span> <span class='ocrx_word' id='word_1_293' title='bbox 875 3344 960 3420; x_wconf 90' lang='lat' dir='ltr'>quod</span> <span class='ocrx_word' id='word_1_294' title='bbox 981 3344 1095 3405; x_wconf 89' lang='lat' dir='ltr'>inimici</span> <span class='ocrx_word' id='word_1_295' title='bbox 1116 3343 1186 3403; x_wconf 87' lang='lat' dir='ltr'>eius</span> 
     </span>
    </p>

    <p class='ocr_par' dir='ltr' id='par_1_12' title="bbox 165 3391 1186 3528">
     <span class='ocr_line' id='line_1_38' title="bbox 165 3391 1186 3528; baseline 0 -40"><span class='ocrx_word' id='word_1_296' title='bbox 165 3422 373 3488; x_wconf 81' lang='lat' dir='ltr'>adissidentis</span> <span class='ocrx_word' id='word_1_297' title='bbox 389 3439 466 3504; x_wconf 87' lang='lat' dir='ltr'>suos</span> <span class='ocrx_word' id='word_1_298' title='bbox 481 3441 593 3490; x_wconf 86' lang='lat' dir='ltr'>sensus</span> <span class='ocrx_word' id='word_1_299' title='bbox 608 3429 742 3528; x_wconf 79' lang='lat' dir='ltr'>aperturi</span> <span class='ocrx_word' id='word_1_300' title='bbox 757 3391 866 3490; x_wconf 67' lang='lat' dir='ltr'>ioren&#39;t</span> <span class='ocrx_word' id='word_1_301' title='bbox 890 3427 956 3488; x_wconf 82' lang='lat' dir='ltr'>Tali</span> <span class='ocrx_word' id='word_1_302' title='bbox 971 3426 1101 3488; x_wconf 91' lang='lat' dir='ltr'>consilio</span> <span class='ocrx_word' id='word_1_303' title='bbox 1112 3427 1186 3504; x_wconf 86' lang='lat' dir='ltr'>prd-</span> 
     </span>
    </p>

    <p class='ocr_par' dir='ltr' id='par_1_13' title="bbox 138 3503 1186 3622">
     <span class='ocr_line' id='line_1_39' title="bbox 138 3503 1186 3622; baseline 0.003 -55"><span class='ocrx_word' id='word_1_304' title='bbox 138 3503 144 3522; x_wconf 72' lang='lat'>⁸</span> <span class='ocrx_word' id='word_1_305' title='bbox 194 3507 267 3570; x_wconf 83' lang='lat' dir='ltr'>bato</span> <span class='ocrx_word' id='word_1_306' title='bbox 287 3507 415 3622; x_wconf 82' lang='lat' dir='ltr'>excepit</span> <span class='ocrx_word' id='word_1_307' title='bbox 430 3509 488 3572; x_wconf 85' lang='lat' dir='ltr'>bas</span> <span class='ocrx_word' id='word_1_308' title='bbox 503 3513 635 3588; x_wconf 83' lang='lat' dir='ltr'>partes</span> <span class='ocrx_word' id='word_1_309' title='bbox 626 3527 697 3590; x_wconf 81' lang='lat' dir='ltr'>ipsc</span> <span class='ocrx_word' id='word_1_310' title='bbox 711 3511 889 3574; x_wconf 81' lang='lat' dir='ltr'>callicrates</span> <span class='ocrx_word' id='word_1_311' title='bbox 910 3519 942 3574; x_wconf 89' lang='lat' dir='ltr'>et</span> <span class='ocrx_word' id='word_1_312' title='bbox 962 3528 999 3575; x_wconf 89' lang='lat' dir='ltr'>se</span> <span class='ocrx_word' id='word_1_313' title='bbox 1019 3518 1117 3584; x_wconf 73' lang='lat' dir='ltr'>mmet</span> <span class='ocrx_word' id='word_1_314' title='bbox 1129 3510 1186 3570; x_wconf 85' lang='lat' dir='ltr'>im-</span> 
     </span>
    </p>
   </div>
   <div class='ocr_carea' id='block_1_6' title="bbox 0 0 1272 4010">
    <p class='ocr_par' dir='ltr' id='par_1_14' title="bbox 0 0 1272 4010">
     <span class='ocr_line' id='line_1_40' title="bbox 0 0 1272 4010; baseline 0 0"><span class='ocrx_word' id='word_1_315' title='bbox 0 0 1272 4010; x_wconf 95' lang='lat' dir='ltr'> </span> 
     </span>
    </p>
   </div>
  </div>
 </body>
</html>
