2528 3994
197 241 262 319 tuti
433 239 527 302 XXV.
546 237 720 302 Amicus.
744 247 787 302 132
801 245 846 302 14.
861 247 906 304 1⁶.
921 248 965 303 1⁶.

195 395 337 457 invitaret
361 391 475 452 scimus
502 405 563 452 non
590 358 722 465 amplius
749 407 841 466 quarn
863 397 955 454 terna
976 393 1062 456 utilia
1081 399 1192 472 [aens]

199 493 355 556 peraeque
375 475 406 534 in
428 475 567 550 singulos
588 475 703 536 mensis
719 491 759 535 en
774 475 972 550 ephemeride
986 495 1057 540 eum
1071 497 1192 556 expen-

50 572 52 580 “
168 571 266 627 tsnm
288 559 422 635 sump‘tui
443 561 523 619 serre
540 559 674 620 soiitnm.
709 559 814 634 Atque
828 559 888 620 boc
902 577 965 622 non
979 563 1115 626 auditum
1130 568 1192 628 sed

146 679 150 688 ,
197 647 351 722 cognitum
366 643 589 718 praedicamus.
613 642 1192 722 Saepeeninrpropteriamiiiaritatem

197 729 375 792 domesticis
391 727 483 788 rebus
499 727 701 789 interfuimus.
812 787 816 795 ,

153 814 224 878 XIV
306 813 402 873 Nemo
419 811 448 871 in
464 812 607 873 convivio
623 812 690 871 eius
711 811 794 872 atiud
809 826 953 873 acroama
966 813 1082 875 audivit
1095 833 1190 892 quam

196 903 395 973 anagnosten.
440 895 528 969 Quod
555 911 613 957 nos
636 895 759 970 quidem
786 895 1040 958 iucundissimum
1062 900 1191 982 arbitra·
1261 969 1262 974 ἵ

195 999 273 1042 mur.
302 981 409 1056 Neque
423 995 567 1054 umquam
582 981 649 1039 sine
665 977 769 1052 aliqua
782 980 912 1040 lectione
928 981 1011 1055 apud
1026 997 1095 1042 curn
1112 1001 1186 1045 coe·

195 1073 299 1127 natum
315 1071 371 1136 est,
387 1071 421 1125 nt
435 1080 496 1124 non
512 1065 612 1125 atinus
628 1063 729 1124 antimo
744 1079 836 1138 qnam
851 1071 959 1124 ventre
969 1066 1121 1126 convivae
1132 1069 1188 1130 de·

167 1151 389 1212 electarcntur.
424 1147 564 1222 Namque
585 1163 641 1209 eos
662 1147 795 1210 vocabat
816 1163 948 1222 quornm
967 1164 1070 1211 mores
1088 1153 1190 1214 asnis

196 1250 258 1294 non
280 1232 490 1292 abhorrerem.
524 1231 598 1292 cnm
619 1237 703 1292 tanta
724 1232 873 1305 pecuniae
888 1233 969 1293 iacta
982 1241 1189 1296 essetacces·

142 1388 145 1396 ,
195 1319 258 1391 sio,
282 1315 354 1376 nihii
377 1316 415 1375 de
438 1315 591 1376 cotidiano
613 1317 696 1376 cuitu
709 1315 849 1389 mutauit,
876 1315 950 1376 nihil
965 1317 1004 1376 de
1017 1318 1099 1378 uitae
1113 1335 1189 1380 con-

156 1407 159 1416 '
195 1401 358 1462 suetudine
387 1407 531 1476 tanuque
556 1415 633 1460 nsus
663 1404 711 1460 cst
735 1399 947 1462 moderatione
971 1408 1005 1461 ut
1029 1417 1131 1478 neque
1155 1406 1189 1464 in

194 1487 336 1546 sestertio
357 1484 453 1544 vicies
476 1485 560 1560 quod
582 1491 701 1559 aliaue
722 1491 888 1558 acceperat
907 1500 1017 1560 parum
1032 1501 1068 1546 sc
1082 1489 1189 1562 spien-

195 1571 268 1630 dide
282 1570 414 1644 gesserit
428 1583 531 1644 neque
545 1568 573 1628 in
590 1567 731 1628 sestertio
747 1567 865 1628 cerities
881 1567 1059 1630 affluentius
1074 1572 1191 1636 vixerit

195 1669 286 1730 quam
297 1649 478 1714 instituerat
497 1652 628 1728 parique
649 1651 771 1726 fastigio
794 1653 910 1714 steterit
928 1653 960 1714 in
979 1660 1110 1730 utruque
1125 1657 1188 1718 for

165 1739 276 1798 etuna.
304 1737 411 1799 Nuiios
430 1737 536 1798 habuit
548 1737 666 1809 hortos,
682 1736 795 1796 naniam
810 1737 1018 1798 suburbanam
1031 1745 1083 1800 aut
1095 1742 1190 1802 mari-

194 1823 296 1883 tinram
318 1827 530 1898 sumptuosam
551 1822 653 1882 vitiam
668 1835 770 1896 neque
786 1819 816 1879 in
832 1821 919 1882 ltalia
932 1829 1056 1896 praeter
1068 1823 1189 1888 Arreti·

193 1923 266 1966 uum
287 1913 317 1966 et
336 1906 559 1967 Nomentanum
578 1904 728 1966 rusticum
751 1905 911 1978 praedium
932 1905 1097 1981 omnisque
1117 1909 1188 1970 eius

193 1989 345 2068 pecuniae
363 1990 481 2050 reditus
504 1989 666 2050 constabat
686 1989 716 2048 in
731 1987 896 2064 Epiroticis
918 1997 948 2050 et
967 1989 1095 2052 urbanis
1110 2007 1187 2066 pos-

194 2073 397 2136 sessionibus.
419 2073 545 2148 Exque
561 2073 709 2148 cognosci
724 2079 829 2147 potest
841 2089 933 2134 usum
947 2089 1017 2134 eum
1032 2076 1190 2149 pecuniae

193 2174 255 2220 non
271 2155 478 2232 magnitudine
493 2159 550 2218 scd
565 2157 683 2219 ratione
698 2157 795 2222 metiri
810 2159 942 2219 solitum.

152 2241 207 2304 XV
298 2241 494 2303 Mendacium
514 2241 761 2318 nequedioebat
781 2256 882 2318 neque
895 2240 959 2317 pati
972 2249 1104 2317 poterat
1126 2244 1188 2304 Ita-

193 2342 254 2403 que
275 2328 342 2387 eius
364 2328 491 2388 comitas
514 2343 576 2386 non
592 2325 660 2386 sine
676 2325 840 2388 severitate
853 2332 919 2387 erat
932 2341 1034 2401 neque
1048 2328 1188 2400 gravitas

192 2411 260 2472 sinc
275 2409 426 2484 faeditate,
442 2418 476 2470 ut
489 2411 614 2492 diiiiciie
629 2415 715 2470 esset
729 2410 883 2472 intelicctu
897 2417 998 2472 utana
1010 2426 1079 2470 eum
1095 2413 1189 2472 amici

191 2494 290 2568 magis
310 2499 491 2554 vererentur
505 2511 543 2554 an
560 2501 706 2555 amarent.
741 2493 896 2570 Quidquid
909 2495 1090 2569 rogabatur,
1111 2497 1189 2556 reii-

165 2617 169 2624 -
191 2579 279 2653 giose
298 2572 502 2654 promittebat,
520 2579 605 2654 qnod
618 2593 680 2638 non
696 2577 832 2643 liberalis
848 2578 997 2661 sed'lcvis
1013 2577 1187 2639 arbitraba·
1223 2611 1228 2614 ·

163 2666 241 2725 utar
255 2662 393 2739 polliceri
409 2663 493 2738 quod
508 2667 668 2738 praestare
682 2677 745 2723 nen
759 2668 878 2737 posset
911 2662 996 2724 Idem
1010 2661 1041 2726 in
1056 2663 1187 2726 nitendo

193 2747 278 2822 quod
298 2749 395 2808 semei
415 2747 576 2809 annuisset
593 2752 677 2807 tanta
691 2753 757 2806 erat
777 2761 852 2806 cura
872 2753 906 2807 ut
926 2762 987 2808 non
1006 2747 1188 2818 mandatam

192 2831 249 2892 scd
262 2847 350 2891 suam
366 2845 431 2891 rem
445 2831 602 2893 videretur
616 2845 719 2905 agere.
747 2829 920 2905 Numquam
935 2831 1073 2908 suscepti
1089 2845 1187 2906 nego-

190 2913 224 2974 tii
244 2929 314 2974 eum
336 2921 511 2988 pertaesum
529 2924 586 2976 est.
623 2913 718 2975 Suam
733 2913 814 2974 enirn
828 2913 1086 2975 existimationem
1101 2914 1131 2974 in
1148 2929 1190 2975 ea

160 3006 225 3060 are
245 2997 295 3073 agi
314 2998 453 3140 gutebat.
482 3000 547 3074 Qua
567 2998 642 3058 nihil
659 2985 797 3058 ‘haumar
816 2998 929 3059 carius.
963 2997 1031 3072 Qua
1045 2998 1140 3059 tiebat
1153 3007 1190 3062 ut

191 3081 294 3143 carnia
339 3081 511 3160 icerontuu,
534 3082 673 3154 Catonis,
696 3081 1009 3162 adamantaque
1027 3077 1188 3158 Torquati,

189 3168 353 3228 nrnltorrnn
374 3174 536 3242 praeterea
558 3167 694 3243 cquitmn
708 3166 917 3227 Romanorum
932 3166 1057 3241 negotia
1070 3183 1189 3242 procu·

189 3257 280 3312 naret
305 3249 355 3310 Ex
375 3267 437 3326 quo
459 3251 587 3312 indicari
601 3256 724 3326 poterat
737 3265 800 3310 non
814 3249 922 3312 inertia
936 3250 993 3310 sed
1008 3249 1124 3312 iudicio
1139 3252 1189 3313 iu·

191 3335 276 3408 gisse
290 3334 335 3394 rei
352 3335 495 3408 publicae
509 3335 767 3410 procurationem.

148 3415 218 3476 xvi
310 3417 512 3478 Humanitatis
529 3433 603 3479 vcra
616 3419 733 3478 nulium
744 3415 855 3478 aticrre
867 3417 966 3478 maius
976 3417 1191 3480 testimouium

164 3515 167 3523 ’
192 3505 330 3570 pressum¹
342 3515 434 3578 quam
456 3501 540 3576 quod
563 3501 748 3562 adulescens
766 3500 852 3562 idem
867 3500 934 3561 seni
950 3500 1054 3564 Suilae
1069 3501 1126 3564 iuit
1141 3501 1190 3564 iu-
