2556 3994
168 235 212 302 86
337 255 341 261 ·
429 235 533 297 XXIII.
553 235 807 298 HANNIBAL
828 241 856 298 b.
871 239 896 346 7:
912 241 939 296 8.

214 389 262 450 sit
297 386 476 448 Hadrumeti
495 347 633 461 reliquos
655 402 673 446 c
694 388 767 462 luga
788 385 928 460 collegit.
953 384 1048 447 Novis
1076 381 1213 444 delecti·

215 471 273 533 bus
287 487 395 548 paucas
411 470 521 530 diebus
535 472 647 532 multos
660 470 819 532 contraxit
972 515 978 522 .

171 556 228 616 Vll
314 556 413 616 Cum
405 571 435 614 m
457 555 638 629 apparando
660 557 807 615 acerrime
822 559 1110 627 essetoocupatus,
1136 507 1211 610 Cer·

213 640 421 714 magimenses
436 638 549 698 bellum
565 655 633 698 cunt
647 639 794 700 Romanis
809 641 1061 713 composuerunt
1089 633 1147 694 llle
1163 634 1209 694 nl·
1268 647 1269 674 l

214 724 276 784 bilo
303 723 406 784 secius
436 723 582 782 exercitui
607 730 719 798 postea
743 723 877 799 praefuit
899 736 1015 796 resque
1039 718 1072 778 in
1096 719 1209 778 Africa

214 807 312 882 gessit
326 803 461 880 itemque
474 805 592 880 Mago„
605 809 697 868 lrater
712 807 788 882 eius,
810 813 912 881 u'sque
927 805 967 864 ad
982 802 1208 876 P.-Sulpicium
1268 803 1269 880 l

184 891 247 955 bG.
255 889 412 951 Aurelium
432 892 587 950 consules.
614 891 670 950 His
685 892 767 950 enim
781 889 1009 965 magistratibus
1026 885 1121 962 legati
1134 885 1207 946 Car·
1268 891 1269 966 l

214 975 424 1050 thaginienses
438 975 566 1044 Romam
582 982 732 1034 venerunt
747 975 798 1050 qui
814 973 934 1034 senatui
948 971 1133 1046 populoque
1144 971 1206 1030 Ro·
1268 999 1269 1064 ι

214 1076 306 1121 mana
326 1059 439 1133 gratias
460 1065 588 1132 agerent
606 1060 689 1133 quod
707 1075 777 1120 cum
798 1059 835 1117 lis
850 1072 961 1134 pacem
982 1055 1144 1125 fecissent,
1167 1053 1207 1113 ob

215 1158 346 1219 emaque
370 1158 435 1201 rem
457 1157 573 1202 corona
594 1147 689 1202 aurea
703 1159 758 1203 eos
780 1143 932 1202 donarent
946 1141 1098 1214 simulque
1120 1145 1207 1212 pete
1268 1183 1269 1216 3

214 1234 282 1286 rent
298 1233 331 1286 ut
351 1226 477 1285 obsides
492 1241 598 1285 eorum
611 1226 758 1301 Fregellis
780 1234 887 1287 essent
901 1224 1078 1300 captivique
1092 1222 1206 1282 redde-

185 1313 328 1372 drenlur.
363 1309 479 1368 llis-cx
493 1317 619 1390 senatus
635 1311 775 1371 consulto
797 1325 983 1386 responsum
1004 1315 1067 1367 est:
1090 1315 1208 1366 munus
1268 1317 1269 1392 l

215 1410 320 1456 earum
335 1400 454 1468 gratum
469 1403 691 1468 acceptumque
706 1411 794 1464 essm
810 1395 937 1455 obsides
956 1409 1018 1468 quo
1032 1393 1101 1452 loco
1113 1407 1205 1464 roga-

214 1487 281 1538 rent
295 1479 432 1546 futuros3
455 1479 594 1552 captivos
610 1495 671 1538 non
687 1479 884 1553 remissoros,
907 1474 1206 1573 qaodllannibalem
1268 1501 1269 1530 ι

216 1563 304 1623 cuius
326 1576 421 1636 opera
442 1569 623 1636 susceptum
638 1563 751 1623 belltun
772 1564 866 1636 loret,
888 1561 1135 1621 inirniclssinrum
1150 1577 1205 1619 no-
1268 1573 1269 1624 ζ

158 1678 162 1692 =
214 1647 287 1706 alini
307 1646 462 1718 Romano,
492 1646 664 1706 etionmunc
686 1663 754 1724 cum
776 1646 904 1720 imperio
923 1644 1010 1720 apud
1035 1644 1205 1731 exercitum
1268 1679 1269 1682 =

186 1731 362 1792 ebeberent
382 1730 515 1804 itemque
536 1731 659 1790 lratrom
681 1731 747 1790 eius
762 1731 933 1804 Magonem.
964 1730 1031 1788 Hoc
1044 1718 1204 1802 responso

214 1815 483 1889 carthaginienses
499 1815 621 1888 cognito
637 1815 838 1896 Hannibalem
854 1815 978 1874 dommn
993 1817 1024 1872 et
1036 1811 1203 1886 Magonem

214 1905 408 1959 revocarunt.
442 1898 510 1958 Huc
523 1898 669 1969 abradat,
689 1905 813 1973 praetor
828 1899 927 1964 lactus
949 1904 1011 1968 est,
1035 1903 1203 1972 postquam

214 1997 271 2042 rex
292 1982 404 2052 luerat,
428 1996 508 2040 anno
533 1982 671 2041 secundo
688 1989 717 2041 et
736 1982 895 2042 vicesimo.
929 1983 969 2042 Ut
988 1981 1068 2040 enim
1083 1979 1203 2040 Romae

183 2104 186 2110 -
215 2067 368 2136 consules,
389 2062 436 2124 sic
450 2064 631 2138 Cartbagine
647 2063 811 2138 quotannis
825 2067 917 2136 annui
931 2066 994 2125 bini
1008 2079 1099 2136 reges
1115 2079 1201 2124 area-

184 2155 202 2208 b
215 2151 331 2212 bantur.
353 2150 387 2208 ln
403 2164 440 2210 eo
455 2148 635 2223 magistratu
652 2150 716 2222 pari
732 2149 889 2224 diligentia
903 2148 1096 2210 seHannibal
1112 2163 1200 2222 prae-

213 2235 279 2296 buit
293 2250 329 2294 aa
345 2233 488 2294 lueratin
503 2233 595 2294 bello.
629 2233 768 2308 Namque
789 2233 891 2293 effecit
905 2249 944 2292 ex
960 2233 1049 2294 novis
1064 2232 1200 2306 vectiga-

198 2320 294 2380 ‚libus
307 2333 367 2378 non
380 2319 480 2390 solum
490 2325 524 2377 ut
535 2323 620 2378 esset
633 2317 766 2392 pecunia
778 2317 1010 2392 quaeliomanis
1023 2332 1062 2374 cx
1074 2315 1200 2375 loedere

213 2402 402 2478 penderetur
420 2401 478 2460 sed
496 2402 586 2460 etiam
607 2410 788 2476 superesset
808 2408 888 2476 quae
908 2402 938 2460 in
966 2399 1085 2460 aerario
1108 2415 1199 2475 repo

213 2491 347 2545 neretur.
394 2483 513 2542 Deinde
534 2500 616 2544 antro
637 2495 710 2559 post
730 2495 919 2560 praeturam,
954 2485 995 2544 Μ.
1018 2483 1143 2544 Claudio
1164 2485 1198 2544 L.

212 2568 304 2630 Furio
320 2567 500 2628 oonsulibus
508 2568 606 2628 Roma
615 2571 706 2643 legati
721 2570 932 2644 Carthaginem
945 2575 1102 2629 venerunt
1131 2567 1198 2627 llos

211 2652 361 2715 Hannibal
382 2651 531 2713 ratus-sui
549 2655 741 2727 exposcendi
755 2655 853 2729 gratia
867 2655 997 2728 missos,
1019 2653 1198 2728 priusquam

212 2738 251 2798 ils
266 2744 393 2798 senatus
409 2737 542 2809 daretur,
558 2751 668 2796 navem
683 2739 823 2798 ascendit
837 2740 916 2798 clam
931 2745 1023 2812 atque
1038 2737 1067 2794 in
1076 2735 1196 2812 Syriam

144 2837 148 2846 ·
184 2823 253 2883 lad
266 2813 450 2882 Antiochum
473 2821 616 2895 profugit.
651 2823 717 2881 llac
731 2838 765 2881 re
779 2824 880 2896 palam
896 2823 978 2882 laeta
994 2820 1089 2893 Poeni
1111 2820 1195 2878 riauis
1268 2819 1269 2838 ¹

213 2907 291 2964 duas
314 2921 393 2979 quae
415 2921 485 2964 eum
506 2905 818 2980 comprehenderent,
840 2906 867 2964 si
888 2913 1018 2980 possent
1038 2904 1195 2978 consequi,

213 2987 375 3062 miserum,
397 2988 566 3050 banaeim
588 2989 798 3063 publicarunt,
821 2990 946 3051 domum
961 3005 979 3048 a
994 2988 1195 3054 laudamentis

212 3071 406 3146 disiecerunt,
427 3071 531 3146 ipsum
545 3074 665 3133 exulem
680 3066 870 3134 indicarunt(
1161 3096 1165 3104 ·

170 3156 239 3216 Vlll
319 3157 362 3216 At
375 3155 526 3216 Hannibal
547 3171 628 3216 anno
643 3157 731 3218 tertio
753 3157 1034 3233 postquamdomo
1053 3156 1194 3230 profuge

210 3248 266 3312 rat,
288 3240 320 3299 L.
333 3241 474 3302 Cornelio
490 3240 524 3314 0.
535 3240 670 3302 Minucio
682 3242 864 3306 consulibus
880 3257 950 3302 cum
962 3240 1100 3316 quinque
1114 3239 1194 3298 navi-

209 3324 411 3385 busdlricanr
425 3325 559 3384 accessit
573 3324 603 3384 in
618 3325 732 3385 linibus
745 3326 982 3403 Cyrenaeorum,
999 3323 1026 3383 sl
1040 3323 1194 3383 forleCor
1223 3380 1226 3387 f

208 3407 411 3481 thegiaiensis
438 3409 479 3467 ad
498 3408 612 3468 bellum
631 3409 775 3470 Antiochi
796 3425 855 3484 spe
876 3409 1052 3483 fiduciaque
1077 3407 1195 3484 [posset

210 3491 382 3564 inducareJ,
406 3492 456 3554 eui
471 3491 531 3552 iam
544 3501 746 3567 persuaserat
757 3501 792 3554 ut
805 3509 875 3554 cum
889 3491 1077 3553 exercitibus
1091 3491 1123 3550 in
1136 3491 1191 3550 lla-
