2556 3994
114 256 489 324 xx.r1lu0Ln01i.a.
511 255 595 332 XXI.
615 254 903 318 annuemus.
922 263 986 316 hi.
1029 253 1073 328 79
1165 319 1169 328 ,

70 410 197 472 limet
230 411 324 482 Idem,
347 429 416 474 cnm
432 412 557 488 quidam
574 407 735 485 Laphystii
752 407 819 468 simi
811 408 859 468 iis
874 409 997 470 nonina
1011 413 1069 472 Do

69 503 240 556 maenalus
260 497 291 556 in
312 497 462 558 concione
476 493 584 571 popuh
599 493 638 552 de
660 491 754 554 rebus
768 493 866 566 sestis
886 494 954 556 eius
970 494 1070 556 detra·

69 577 152 638 here
163 580 324 654 coepisset
334 596 371 641 ao
382 582 529 642 nonnulla
539 559 734 638 inveheretur
744 576 978 650 in'limoleonia,
995 579 1072 642 dixit

69 677 161 722 nunc
177 663 301 724 demum
316 680 351 724 se
366 665 429 726 voti
450 679 523 724 esse
538 663 730 728 damnatum
754 675 886 736 namque
901 660 961 722 hoc
976 678 995 722 a
1010 661 1070 723 diis

70 747 300 808 immortalibus
321 763 446 823 semper
460 754 618 824 precatum
638 752 672 802 ut
686 744 776 802 intem
790 745 959 806 libertatern
980 747 1069 806 rosil-

70 839 178 890 inerel
191 831 400 908 Syracusanis
415 834 445 892 in
461 846 524 906 qun
538 828 636 890 cuivis
652 827 758 888 liceret
778 827 817 886 dc
832 843 894 902 quo
909 829 1001 890 vellet
1015 829 1068 890 im-

70 929 162 990 pune
178 916 291 974 dicere.
321 915 377 976 llic
393 931 463 976 cum
477 915 558 976 diem
574 926 751 986 supremum
767 911 892 987 obisset,
912 913 1035 988 publice
1051 923 1100 977 nl

72 997 288 1076 Syracusanis
310 1001 340 1059 in
356 1000 519 1077 gyntnasio
537 996 621 1072 qnod
636 995 877 1056 Timoleonteum
897 999 1069 1072 appellatur

73 1089 142 1142 lota
158 1083 334 1144 celebrante
349 1082 454 1142 Sicilia
469 1084 609 1157 sepultus
623 1087 679 1138 est.

544 1274 699 1286 *ραι-φ...-

327 1461 434 1556 ΧΧΙ.
494 1463 566 1558 llll
597 1457 857 1558 REGIBUS.

71 1627 117 1726 Hi
137 1666 204 1726 lere
226 1666 348 1728 bierunt
363 1667 500 1728 Graecae
521 1668 621 1742 geniis
637 1667 733 1729 duces
749 1668 801 1744 qui
823 1667 969 1728 memoria
983 1667 1090 1740 dignil

73 1750 238 1810 videantur
254 1758 376 1824 praeter
388 1766 490 1825 reges.
515 1752 656 1827 Nanique
670 1767 726 1812 eos
743 1753 889 1824 attingere
903 1749 1066 1826 noluimus,

73 1835 162 1907 quod
183 1835 320 1894 oninium
339 1851 391 1895 res
412 1842 520 1909 gestae
534 1836 701 1910 separatim
718 1841 790 1896 sunt
802 1835 925 1900 relatae.
959 1833 1099 1909 Nequoi

71 1927 177 1978 tamen
198 1915 229 1976 hi
255 1919 419 1984 admodum
445 1926 516 1980 suut
540 1919 634 1980 mulii.
677 1919 939 1979 Lacedaemonius
965 1923 1067 1984 autem

72 2002 242 2076 Agesilaus
254 2003 377 2062 nomine
389 2019 450 2064 non
463 2009 616 2076 potestate
631 2003 763 2074 inlinens,
780 2003 860 2064 sioni
871 2001 1066 2080 oeteriSpar—

73 2088 148 2146 tani.
182 2084 230 2145 Ex
252 2086 386 2146 iissem
409 2087 461 2162 qui
483 2089 672 2150 dominatum
692 2087 999 2162 imperiotenuernnt
1013 2103 1063 2146 ex·
1096 2119 1100 2128 ·

74 2168 285 2230 cellentiseimi
301 2172 436 2244 luerunt,
459 2177 492 2232 ui
507 2184 565 2234 nos
580 2173 767 2244 iudicamus,
789 2171 953 2232 Persarum
967 2170 1066 2245 Cyrus

73 2261 105 2312 ei
118 2254 246 2326 Darius,
259 2254 420 2332 ‘Hystaspi
434 2255 526 2314 lilius.
557 2255 692 2326 Quorum
707 2261 836 2328 uterque
851 2253 989 2327 privatus
1005 2252 1065 2312 vir-

74 2343 140 2397 tute
153 2351 283 2410 regnum
297 2346 346 2397 esi
366 2340 507 2412 adeptus.
542 2338 630 2399 Prior
643 2337 753 2398 horum
775 2337 859 2412 apud
872 2336 1067 2410 Massagetas

73 2422 104 2479 in
120 2421 242 2496 proelio
257 2421 375 2481 cecidit.
397 2422 509 2482 Durius
525 2429 683 2483 senectute
695 2421 775 2482 diem
792 2421 866 2480 obiit
880 2435 1066 2496 supremum.

72 2505 151 2564 Tres
166 2512 239 2565 sarni
253 2501 414 2579 praeterea
434 2507 573 2568 eiusdem
588 2507 728 2582 generis:
749 2506 870 2566 Xerxes
886 2511 916 2566 et
930 2506 992 2566 dno
1007 2507 1095 2565 thr-3

73 2597 238 2662 merres,
259 2588 430 2650 Macrochir
451 2591 635 2666 cognomine
656 2597 687 2652 et
705 2589 859 2650 Mnemon.
893 2589 988 2648 Xerxi
1003 2605 1066 2648 irin·
1095 2631 1098 2638 .

72 2672 158 2732 xime
173 2679 222 2733 est
234 2673 352 2732 illustre
369 2675 453 2748 quod
474 2675 614 2735 maximis
631 2683 703 2749 post
715 2674 871 2734 hominnm
889 2673 1066 2732 memoriam
1152 2675 1155 2678 '

75 2755 264 2816 exercitibus
291 2764 374 2816 terra
397 2759 537 2834 marique
561 2759 674 2818 bellum
700 2757 799 2818 intulit
826 2755 982 2816 Graeciae.
1025 2757 1095 2814 Ata

73 2838 250 2900 Macrochir
262 2841 460 2915 praecipuam
472 2843 564 2903 habet
575 2843 697 2902 landem
709 2840 916 2914 amplissimae
925 2837 1052 2912 pulcher
1080 2895 1084 2904 .

74 2924 234 2998 rinrneque
255 2925 396 2998 corporis
419 2926 544 2999 formae,
575 2941 666 2999 quam
680 2923 851 2984 incredibili
873 2921 1066 2984 ornaviivir-

74 3013 140 3066 tute
160 3007 239 3069 balli.
274 3007 413 3082 nanque
433 3008 485 3070 illo
506 3009 618 3068 Perses
643 3023 733 3068 nemo
759 3023 851 3066 nnana
873 3006 929 3066 luii
948 3007 1066 3069 fortior.

75 3089 220 3151 Mnemon
244 3099 344 3153 uniam
366 3090 598 3172 iustitiaelnma
619 3090 731 3151 floruit.
773 3090 847 3150 Nam
868 3106 939 3150 cum
958 3090 1066 3151 matris

76 3189 154 3237 suae
174 3174 293 3234 scelere
310 3176 466 3236 amisisset
479 3191 622 3251 uxorem,
649 3183 764 3240 tantum
777 3172 905 3236 indulsit
919 3173 1017 3235 dolori
1034 3181 1067 3232 ut

76 3272 147 3318 eum
167 3258 269 3333 pictas
289 3258 434 3318 vinceret.
468 3259 514 3318 Ex
537 3259 584 3318 his
606 3260 668 3320 duo
690 3258 799 3320 eodem
814 3258 936 3318 nomine
956 3257 1093 3321 morbos

77 3348 205 3402 naturae
226 3341 361 3402 debitum
382 3341 597 3416 reddiderunt,
617 3342 724 3404 tertius
740 3337 778 3402 ab
797 3340 953 3402 Artabano
974 3355 1064 3414 prr-ie

77 3425 159 3485 lecto
174 3425 255 3485 lerro
270 3425 471 3500 interemptus
486 3433 543 3485 est.

161 3507 208 3567 Ex
219 3507 422 3570 Macedonum
438 3515 539 3569 aulem
553 3517 644 3584 gente
660 3509 721 3571 duo
736 3511 830 3571 mulio
847 3513 966 3568 eeteros
982 3514 1064 3567 ante·
1081 3507 1105 3567 ll
