2534 4010
322 257 358 317 n.
381 211 750 320 annuissemus.
775 229 860 318 sn.
1012 249 1079 328 ,tt

91 413 160 474 ‹ttdt
174 412 279 486 credo,
295 410 381 487 quod
395 415 495 472 aetate
509 409 669 484 proximus
684 408 723 467 de
737 407 786 482 iis,
801 406 854 482 qui
870 407 989 468 illorum
1003 413 1079 467 tem·

93 513 206 574 porum
220 495 378 558 historiam
391 493 594 572 reliquerunt,
616 500 647 552 et
661 491 800 552 eiusdem
816 492 946 570 ciuitatis
962 491 1027 552 luit.
1049 493 1080 552 ls

92 589 196 640 autem
217 579 274 654 ait,
295 579 336 639 ad
349 583 540 640 snaxerxen
561 593 631 638 cum
650 575 889 652 venissentque
909 576 957 636 his
977 575 1080 636 vorbis

92 665 259 740 epistolam
280 663 417 723 misisse:
446 662 652 723 l'lremisloclcs
675 665 744 722 ocni
761 661 806 722 od
821 668 857 734 te,
879 663 932 735 qni
948 663 1110 736 plurimas

92 753 177 809 molo
190 749 341 808 Morinum
355 747 514 808 &cimina
528 749 560 806 in
577 746 694 807 domum
715 752 797 806 tuom
811 747 904 819 intuli,
922 761 1012 819 quom
1029 747 1083 806 diu

92 833 169 894 milit
178 848 295 892 necesse
301 831 372 904 full,
384 831 542 891 adommim
551 837 669 907 patrem
680 838 761 890 tuum
772 831 883 890 tollore
891 832 1083 905 patriamqne

92 932 192 976 onom
206 915 380 989 defendere.
407 913 493 975 Idem
502 918 593 975 mollo
602 918 697 990 ploro
712 913 867 988 benefeci,
884 922 1041 988 posonem
1052 916 1114 974 init

93 1007 155 1062 tolo
169 1002 234 1074 cose
247 1008 275 1060 cl
286 1002 336 1059 ille
353 1001 385 1059 tn
397 1000 539 1074 ,annulo
552 1015 615 1062 csse
630 1000 734 1074 coepit.
769 997 846 1058 llam
857 1013 924 1058 com
938 1001 970 1057 ln
981 997 1084 1058 Asiam
1189 1025 1193 1028 ·

92 1087 207 1144 reuerti
224 1085 311 1144 vellet
324 1083 442 1159 procllo
467 1083 553 1158 opud
578 1081 735 1142 Salamina
754 1081 854 1156 sacto,
886 1083 990 1141 litteris
1016 1098 1084 1141 earn

93 1171 252 1229 certiorem
261 1167 328 1240 soci
342 1167 376 1226 ld
388 1168 448 1240 cot,
459 1173 493 1225 ul
501 1167 588 1242 pons,
606 1183 692 1241 quem
708 1169 740 1226 tn
757 1165 945 1240 Hellesponto
955 1165 1083 1238 feceret,

93 1253 315 1323 dissolveretur,
327 1257 415 1326 elque
429 1251 468 1310 ol
479 1249 608 1310 ltosliltus
621 1253 811 1312 circuiretur.
841 1249 905 1320 Quo
915 1253 1017 1310 nenlio
1033 1248 1084 1310 ille

91 1337 231 1412 camelo
243 1343 287 1408 ‚cst
300 1335 452 1396 liberatus.
470 1334 558 1394 lione
568 1340 666 1396 onem
679 1334 805 1407 confeci
814 1333 858 1394 od
866 1339 902 1405 tc,
914 1337 1114 1408 eccodolosl

69 1435 76 1442 ·
94 1437 115 1479 α
128 1427 239 1481 cuncto
254 1419 393 1491 Graecia
404 1421 486 1478 tuom
494 1425 597 1493 penas
606 1421 777 1480 amentiam.
800 1417 896 1488 Quom
906 1420 934 1477 st
946 1434 998 1479 ero
1011 1419 1084 1479 cde·

92 1512 242 1580 plasmare
255 1500 525 1564 minosmelronuin
536 1505 664 1564 nminem
674 1503 900 1576 dulcisonam
907 1501 1018 1576 sorem
1028 1505 1085 1564 tnt-

95 1591 205 1648 micnne
214 1591 418 1662 r'lteecpertns
428 1593 480 1646 esl.
503 1587 551 1646 Ec
561 1595 660 1648 cutem
670 1603 751 1661 roco,
764 1587 844 1646 tilde
854 1588 891 1646 tis
902 1588 997 1659 relic,
1009 1603 1086 1662 quas

93 1681 192 1734 tecum
209 1675 338 1746 colloqui
350 1674 423 1743 volo,
445 1687 579 1732 annuum
598 1673 672 1732 milti
684 1678 797 1746 tempos
809 1671 862 1730 des
874 1685 966 1744 coque
979 1679 1085 1732 nons-

94 1763 164 1820 oclo
177 1757 221 1816 cd
234 1763 261 1815 le
274 1759 376 1816 omire
386 1757 526 1832 potioris.

182 1839 279 1898 Huius
295 1853 349 1898 rex
364 1839 456 1899 aniani
467 1837 706 1914 magnitudinem
720 1838 877 1898 admirans
892 1835 1123 1914 cupiensquell

97 1925 189 1984 talem
204 1923 302 1987 virum
325 1922 382 1984 sibi
399 1922 553 1986 conciliari
568 1922 687 1982 veniam
710 1921 803 1984 dedit.
838 1922 892 1982 Ille
907 1939 996 1984 omno
1011 1923 1086 1983 illud

19 2054 22 2062 .
97 2017 220 2084 teatinus
236 2008 343 2068 litteris
359 2007 557 2082 sermonique
576 2005 737 2068 Persarum
746 2021 794 2068 'se
812 2007 938 2068 dedidit.
970 2005 1086 2080 Quibus

98 2093 179 2153 adeo
191 2092 329 2152 cruditus
339 2098 436 2167 estut
446 2091 541 2154 multo
554 2092 746 2152 commodius
757 2092 877 2152 dicatur
888 2092 971 2167 apud
983 2105 1087 2166 regem

98 2176 195 2236 verba
212 2176 334 2245 iecisse,
358 2192 449 2250 quam
465 2175 485 2233 ii
498 2181 647 2250 poterant,
662 2176 714 2248 qui
728 2177 759 2234 in
772 2174 899 2236 Perside
914 2181 1000 2234 erant
1014 2176 1088 2234 natis

98 2262 159 2320 Hic
171 2275 240 2320 cum
256 2261 350 2322 multa
364 2261 428 2334 regi
444 2265 528 2320 esset
542 2259 697 2333 pollicitus
712 2259 983 2333 gratissimumque
1001 2257 1119 2332 illud}

97 2346 124 2406 si
141 2345 208 2406 suis
224 2345 264 2406 uti
277 2344 415 2404 consiliis
431 2345 531 2416 vellet,
553 2342 637 2402 illum
649 2343 807 2402 Graeciam
818 2343 900 2406 bello
916 2357 1086 2419 oppressu·

98 2447 179 2511 curn,
199 2429 318 2503 magnis
338 2427 571 2490 muneribusab
585 2427 759 2489 Artaxerxe
775 2428 907 2488 donatus
930 2429 960 2486 in
980 2427 1086 2487 Asiam

97 2513 190 2574 rediit
210 2512 458 2586 domiciliumque
472 2511 651 2586 Magnesiae
672 2510 730 2570 sibi
753 2513 916 2594 constituit.
949 2510 1118 2585 Namque-t

98 2595 179 2660 hanc
195 2595 301 2666 urbem
322 2598 350 2657 ci
371 2611 428 2658 rex
443 2596 592 2668 donarat,
617 2595 666 2654 his
683 2596 806 2670 quidem
823 2596 940 2667 verbis,
957 2611 1037 2670 quae
1059 2594 1089 2653 ei

99 2696 212 2756 panem
235 2681 398 2755 praeberet
421 2688 473 2754 (ex
497 2695 559 2756 qua
584 2679 711 2754 regione
736 2679 956 2754 quinquaginta
973 2679 1090 2739 talenta
1132 2695 1142 2711 ·

98 2764 268 2841 quotannis
283 2763 445 2839 redibant),
461 2763 667 2838 Lampsacum
683 2771 794 2839 autem,
817 2765 899 2825 unde
913 2764 1017 2823 vinum
1037 2778 1088 2822 su-

98 2855 204 2922 meret,
212 2848 347 2926 Myania,
356 2863 395 2908 ex
408 2863 468 2923 qua
480 2847 643 2924 opsonium
649 2847 784 2908 heberet.
792 2847 888 2908 Huius
901 2847 941 2908 ad
952 2854 1089 2907 nostram

98 2931 279 2995 memoriam
301 2939 497 3009 monumenta
517 2939 695 2992 manserunt
705 2932 776 3003 duo,
800 2933 974 3006 sepulcrum
989 2943 1089 3006 prope

97 3017 259 3093 oppidum,
278 3017 307 3076 in
333 3031 394 3091 quo
413 3022 460 3076 est
481 3016 629 3091 sepultus,
652 3023 752 3076 statua
766 3015 795 3074 in
818 3017 886 3075 loro
902 3014 1089 3091 Magnesiae.

98 3101 145 3162 De
160 3101 249 3162 ouius
260 3108 358 3164 morte
370 3101 471 3162 multis
482 3099 583 3160 modis
595 3099 677 3176 opud
691 3101 857 3175 plerosque
871 3098 1016 3180 scriptum
1031 3105 1088 3169 est,
1100 3101 1120 3156 4

98 3185 158 3246 sed
173 3202 232 3246 nos
253 3186 385 3248 eundem
403 3184 595 3261 potissimum
609 3184 821 3261 Thucydidem
842 3188 996 3244 auctorem
1019 3197 1089 3256 pro

98 3269 225 3342 bamus,
250 3271 301 3344 qui
321 3270 406 3331 illum
428 3268 470 3330 ait
489 3269 667 3344 Magnesiae
688 3269 795 3329 morbo
817 3274 968 3331 morlutun
987 3281 1091 3340 neque

99 3361 193 3430 negat
207 3354 306 3416 luisse
316 3355 436 3428 lainam,
459 3369 610 3414 venenum
623 3369 680 3414 sua
694 3361 806 3430 sponte
820 3351 1002 3427 sumpsisse,
1020 3365 1089 3409 cnm

99 3453 150 3511 se,
181 3453 261 3514 quae
281 3439 346 3514 regi
374 3438 414 3500 de
435 3437 563 3499 Graecia
583 3437 785 3515 opprimenda
813 3435 965 3514 pollicitus
994 3441 1089 3500 esset.
