2492 4002
200 275 242 338 aa
284 241 1099 368 y111.runnsaeunus.i.mannonis.

202 441 263 503 que
276 427 408 503 staphus
422 429 586 506 requisivit
597 439 699 502 neque
721 439 906 500 quemquam
919 421 1037 485 honore
1053 439 1088 484 se
1104 431 1195 485 ante-

171 511 335 572 taessisse
356 513 548 574 existimavit.
583 509 640 570 Hie
655 507 794 584 sequenti
816 514 956 582 tempore
978 522 1047 568 earn
1063 519 1198 583 praetor

199 596 332 657 edessem
353 591 393 655 ad
409 595 541 657 ciliciam
562 594 735 670 appulisset
754 605 856 666 neque
876 591 950 650 satis
974 591 1135 668 diligenter
1162 596 1197 674 ip

171 676 173 683 ’
199 679 311 740 eastris
326 679 393 739 eius
408 687 571 755 agerentur
583 675 714 752 vigiliae,
731 673 899 736 abarbaris
911 687 951 734 ex
964 677 1080 752 oppido
1094 687 1196 740 noetu

80 775 84 784 ’
199 765 360 839 eruptione
373 765 452 824 faeta
463 763 494 823 in
505 762 701 825 tabernaculo
718 761 893 848 interfectus
911 765 981 824 est..

608 983 807 996 h-u———s

531 1214 599 1312 n.
642 1175 928 1309 aaron
987 1255 989 1260 ψ

172 1423 182 1480 t
198 1387 325 1498 Conon,
344 1421 560 1495 Atheniensis,
581 1422 808 1499 Peloponnesio
823 1421 902 1482 betta
918 1420 1051 1483 accessit
1066 1423 1199 1484 adrem

198 1509 367 1584 publicam,
397 1507 427 1566 in
457 1521 558 1582 eoque
587 1507 654 1568 eiua
684 1519 780 1583 opera
808 1507 911 1581 magni
943 1505 1007 1568 fuit.
1048 1505 1128 1566 Nam
1167 1518 1201 1568 et

198 1600 322 1668 praetor
351 1591 547 1668 pedestribus
573 1591 757 1653 exercitibus
791 1589 922 1666 praefuit
953 1597 983 1650 et
1008 1593 1199 1666 praefectus

199 1678 309 1739 otassis
330 1691 381 1736 res
403 1691 530 1750 magnas
553 1677 628 1736 nrari
649 1678 754 1752 gessit.
785 1675 867 1749 Quas
883 1675 923 1734 ob
939 1689 1050 1736 eausas
1066 1678 1200 1749 praeei-

198 1779 280 1838 puns
295 1761 323 1824 ei
338 1760 438 1821 tranas
453 1759 574 1820 habitus
590 1767 646 1820 est.
667 1759 806 1836 Namque
822 1759 963 1820 omnibus
977 1773 1058 1820 unus
1073 1757 1198 1821 insulis

199 1847 344 1922 praestum
367 1845 397 1906 in
419 1861 481 1922 qua
502 1851 655 1919 potestate
674 1843 788 1905 Pheras
805 1843 900 1920 cepit,
922 1843 1075 1904 caloniam
1091 1843 1199 1904 Laee-

117 1967 119 1972 ,
169 1930 438 1996 adaemoniorum.
473 1927 541 1989 Fuit
566 1929 655 1989 etiarn
682 1936 819 1988 extremo
848 1925 1075 2004 Peloponnesio
1105 1927 1202 1990 betto

198 2017 337 2088 praetor,
359 2025 429 2072 eum
449 2013 533 2087 apud
547 2014 652 2088 Aegos
668 2009 781 2072 flumen
798 2012 907 2086 copiae
920 2009 1164 2072 Atheniensium
1183 2031 1205 2074 a

197 2095 361 2179 Lysandro
383 2101 454 2157 sunt
469 2095 617 2156 deviatae.
647 2095 710 2157 Sed
723 2104 787 2157 tum
801 2091 898 2157 abfuit
912 2109 1013 2171 eoque
1029 2096 1121 2170 peius
1140 2113 1202 2159 res

197 2181 407 2242 administrata
419 2187 478 2240 est.
511 2180 587 2240 Nam
602 2188 633 2241 et
647 2182 783 2256 prudens
799 2181 843 2240 rei
857 2180 994 2240 militaris
1010 2186 1039 2240 et
1052 2179 1202 2254 diligens

168 2273 262 2328 serat
286 2268 461 2342 inperator.
497 2263 604 2340 ltaque
628 2265 740 2325 nemini
760 2272 826 2325 erat
846 2263 894 2324 his
917 2264 1109 2340 temporibus
1136 2265 1202 2328 du-

198 2351 291 2424 bium,
306 2350 333 2409 si
348 2349 496 2424 adfuisset,
512 2349 593 2408 illam
608 2349 806 2410 Atheniensis
823 2350 1023 2410 aalamitatem
1039 2357 1202 2424 aceeptu-

196 2449 250 2494 ros
265 2449 326 2494 non
342 2433 449 2494 fuisse.

155 2523 197 2582 ·II
279 2515 384 2578 Rebus
400 2521 500 2578 autem
516 2515 638 2578 afflictis
653 2528 722 2578 eum
737 2515 864 2592 patriam
881 2516 1014 2578 obsideri
1030 2516 1198 2592 audisset,

197 2616 259 2662 non
281 2601 434 2677 quaesivit
453 2601 504 2661 ubi
528 2601 597 2678 ipse
618 2609 682 2663 tuto
704 2601 822 2662 viveret
846 2602 903 2661 sed
924 2601 1005 2662 unde
1026 2599 1204 2676 praesidia

120 2687 123 2693 '
198 2693 306 2762 posset
324 2701 396 2746 esse
410 2685 530 2746 civibus
545 2685 621 2746 suis.
642 2685 749 2762 ltaque
767 2683 892 2746 eontulit
906 2701 941 2760 se
956 2686 996 2744 ad
1010 2684 1206 2747 Pharnaba-

194 2785 275 2841 aum,
290 2778 446 2846 satrapem
455 2769 560 2832 Ioniae
572 2777 601 2830 et
611 2769 728 2848 Lydiae
739 2769 934 2845 eundemque
944 2784 1092 2844 generum
1102 2773 1206 2846 regis

196 2860 226 2913 et
247 2855 463 2930 propinquum.
504 2855 598 2930 Apud
621 2865 711 2930 quern
738 2861 771 2916 ut
791 2855 917 2915 multum
939 2853 1036 2930 gratia
1057 2854 1205 2930 valeret,

166 2939 290 3003 amutto
306 2935 412 2998 labore
432 2939 596 3014 multisque
617 2937 718 2998 effecit
735 2938 888 3014 perieulis.
916 2937 992 2997 Nam
1006 2952 1076 2998 cum
1089 2937 1208 3001 Laee—

128 3048 131 3052 ·
193 3021 350 3082 ¹daemonii
361 3021 599 3102 Atheniensibus
612 3021 740 3083 devietis
753 3023 783 3082 in
797 3022 944 3084 sacietate
954 3035 1015 3082 nen
1026 3035 1212 3088 manerent

198 3119 289 3182 quam
304 3120 373 3167 eum
387 3109 558 3167 Artaxerxe
573 3107 708 3168 fecerent
717 3108 958 3184 Agesilaumque
968 3106 1119 3168 bellatum
1137 3113 1211 3172 mi-

197 3192 312 3251 sissent
332 3191 363 3251 in
383 3192 492 3252 Asiam
513 3190 644 3250 maxime
658 3191 780 3267 impulsi
796 3190 1050 3268 aTissapherne,
1074 3193 1135 3266 qui
1155 3211 1210 3257 ex

196 3275 308 3335 intimis
329 3276 412 3349 regis
433 3275 471 3334 ab
493 3275 625 3334 amicitia
642 3273 709 3336 eins
731 3275 885 3337 defecerat
900 3284 930 3337 et
944 3291 1013 3337 eum
1025 3273 1218 3340 Laeedae—

195 3358 307 3418 moniis
334 3357 449 3418 coierat
475 3360 662 3434 societatem,
690 3359 771 3421 hune
792 3360 943 3422 adversus
963 3359 1217 3428 Pharnabazus

195 3441 316 3502 habitus
332 3448 380 3502 est
400 3442 579 3518 imperator,
601 3458 635 3503 re
657 3444 780 3517 quidem
801 3460 876 3505 vera
889 3443 1035 3506 exercitui
1050 3448 1223 3520 praefuit

140 3523 301 3587 beenon
323 3525 453 3605 eiusque
475 3527 577 3587 omnia
601 3525 724 3589 arbitria
752 3536 840 3604 gesta
864 3537 942 3590 sunt.
975 3529 1032 3588 ldie
1053 3531 1220 3597 multum
