2556 3994
368 281 837 347 amanuensem.
1009 279 1079 381 ‘tt
1139 292 1143 300 ·

89 434 218 497 monuit
258 433 313 493 lltc
336 431 408 508 luga
432 433 604 510 pariendum
627 434 751 496 evitant
769 433 946 510 bellumque
968 434 1079 498 indixit

86 517 222 598 Thuyni.
256 518 291 576 ln
313 517 376 592 q'uo
396 528 465 576 omn
486 517 526 578 ab
539 517 765 594 annaneane,
788 519 945 594 praelecto
959 519 1077 598 Lydiae

88 609 117 663 et
123 601 232 662 lemae
242 600 399 674 totiusque
406 599 567 678 Phrygiae,
582 602 724 664 desertus
736 607 829 676 esset,
844 600 938 665 nihilo
950 603 1077 678 segnius

88 685 304 765 perseveravit
317 683 484 758 urumque
493 683 604 763 Thuyn
628 685 711 761 cepit
725 701 801 746 cum
809 699 908 746 uxore
922 693 952 746 et
961 685 1075 748 liberis.

119 767 269 829 Curius
289 767 361 827 iacti
374 781 414 826 ne
428 767 515 843 prius
532 769 614 828 tarne
633 769 674 828 ad
687 781 792 842 regem
807 785 898 866 quam
913 769 982 845 ipse
996 785 1065 844 per·
1077 777 1117 836 lll

87 852 210 913 veniret
223 849 309 912 dedit
321 861 457 926 operam.
492 851 599 926 ltaque
614 851 778 912 comibus·
770 851 876 912 insciis
891 868 931 913 eo
943 853 1077 914 abierat

87 951 146 996 rex
161 935 246 995 venit
259 940 450 1010 posteroque
463 934 513 994 die
523 933 642 1012 Thuyn,
657 935 812 996 hominem
826 937 950 996 maximi
964 950 1075 1012 corpo-
1097 987 1098 992 ,

88 1020 133 1080 ris
156 1017 346 1092 terribilique
367 1017 461 1091 lacie,
483 1019 568 1092 quod
582 1026 613 1078 et
627 1018 713 1094 niger
727 1026 758 1079 et
772 1019 883 1094 capillo
897 1021 991 1094 longo
1005 1020 1075 1080 bar·

48 1123 52 1130 ·
88 1099 192 1179 baque
208 1106 274 1161 erat
288 1101 456 1177 promissa,
478 1102 593 1176 optima
606 1108 692 1162 veste
705 1105 795 1178 texit,
819 1119 911 1178 quam
931 1110 1077 1178 satrapae

86 1186 165 1263 regii
180 1199 289 1260 gerere
303 1191 498 1258 consuerant,
515 1186 635 1247 ornavit
644 1186 735 1246 etiarn
746 1193 857 1261 torque
870 1194 963 1262 atque
974 1186 1075 1247 armil-

88 1271 127 1332 lis
143 1269 247 1331 aureis
263 1273 428 1343 ceteroque
442 1269 528 1342 regio
542 1270 643 1338 outtn;
657 1269 727 1344 ipse
742 1269 855 1344 agresti
870 1269 985 1346 duplici
1000 1271 1103 1334 ami-t

88 1356 159 1414 culo
175 1352 381 1414 circumdatus
396 1351 536 1426 hirtaque
547 1353 657 1426 tunica,
671 1367 784 1426 gerens
798 1353 829 1412 in
844 1355 945 1429 capite
956 1355 1075 1428 galeam

87 1434 294 1508 venatoriam,
317 1436 426 1494 denua
439 1451 531 1495 manu
545 1436 673 1507 clavam,
699 1435 823 1496 sinistra
837 1438 989 1512 copulam,
1014 1453 1076 1512 qua

86 1521 223 1581 vinctum
239 1524 309 1578 ante
324 1533 359 1579 se
372 1517 533 1597 Thuynem
546 1518 666 1593 agebat,
681 1525 715 1582 ut
728 1520 755 1579 si
769 1520 866 1598 feram
880 1519 1010 1580 bestiam
1024 1535 1072 1582 ca

87 1611 172 1680 ptem
192 1603 327 1664 duceret.
370 1601 465 1676 Quem
486 1617 556 1662 cum
581 1614 689 1663 omnes
711 1604 927 1678 conspicerent
950 1612 1103 1678 proptera

87 1688 254 1748 novitatem
276 1692 401 1747 ornatus
427 1687 625 1762 ignotamque
646 1687 775 1746 formam
796 1687 837 1748 ob
858 1702 990 1761 eamque
1009 1701 1074 1745 rem

86 1785 219 1844 magnus
235 1775 319 1830 esset
333 1784 519 1844 concursus,
541 1769 597 1830 huit
610 1785 673 1830 non
688 1784 795 1844 nemo,
817 1770 870 1845 qui
891 1774 1075 1844 agnosceret
1106 1837 1117 1848 ,-

85 1853 208 1933 Thuym
229 1853 358 1928 regique
372 1855 538 1914 nuntiaret.
572 1853 672 1913 Ριιιιιο
687 1867 749 1912 non
765 1850 941 1912 accredidit.
969 1852 1103 1928 itaquel

85 1935 319 1998 Pharnabazum
340 1936 421 1997 misit
445 1940 648 2012 exploratum.
684 1937 715 1996 A
734 1951 799 2011 quo
818 1943 852 1997 ut
869 1950 935 1996 rem
955 1942 1075 2010 gestant

87 2021 248 2096 comperit,
265 2020 365 2081 smtim
380 2020 494 2081 admitti
508 2020 608 2093 iussit,
622 2033 811 2095 magnopere
822 2019 991 2081 delectatus
1004 2035 1074 2080 curn

87 2105 172 2166 iacto
193 2111 257 2164 tum
277 2110 400 2178 ornatur,
422 2105 452 2162 in
473 2105 579 2178 primis
598 2103 683 2179 quod
698 2103 810 2164 nobilis
824 2118 881 2162 rex
894 2103 924 2163 in
940 2110 1073 2178 potesta·

88 2197 151 2249 tem
168 2188 337 2264 inopinanti
352 2194 486 2247 venerat.
520 2188 628 2262 ltaque
641 2187 804 2262 magnifice
817 2187 964 2246 Datamen
979 2187 1102 2252 dona-s

9 2305 18 2316 ν
87 2280 150 2334 ιιιιιι
166 2271 206 2330 ad
220 2273 386 2331 exercitum
401 2271 490 2344 misit,
506 2272 633 2346 quitum
645 2269 881 2330 contrahebatur
894 2267 1072 2329 ducePhar·

86 2356 207 2416 nabazo
223 2363 253 2415 et
265 2355 437 2415 Tithrauste
451 2355 491 2412 ad
505 2355 619 2414 bollum
632 2353 837 2432 Aegyptium,
859 2351 989 2428 parique
1004 2367 1073 2412 eum

87 2446 181 2515 atquc
201 2439 301 2500 illos
293 2437 420 2513 rmperio
435 2451 507 2497 esse
527 2437 625 2497 iussit
659 2436 772 2498 Postea
785 2450 860 2496 vero
875 2451 967 2512 quam
980 2433 1072 2496 Phar

87 2524 236 2584 nabazum
250 2535 307 2582 rex
319 2521 483 2620 revocavit,
504 2521 544 2582 illi
559 2535 678 2581 summa
692 2519 810 2596 imperii
825 2520 936 2581 tradita
949 2525 1031 2594 [est]

162 2606 220 2666 llic
235 2621 303 2666 cum
317 2606 449 2665 maximo
463 2603 564 2665 studio
578 2589 769 2679 compararet
783 2605 949 2664 exercitum
957 2605 1060 2682 Aegy·
1072 2605 1114 2665 lV

85 2698 236 2788 piumque
251 2689 407 2766 proficisci
421 2696 560 2764 pararet,
580 2688 685 2748 subito
708 2701 814 2762 arege
828 2687 945 2748 litterae
959 2695 1031 2747 sunt
1044 2687 1072 2745 ei

85 2774 203 2835 missae
223 2780 255 2834 ut
274 2773 385 2848 Aspim
405 2773 638 2848 aggrederetur,
669 2771 721 2846 qni
743 2770 918 2830 cataoniam
938 2770 1071 2830 tenebat.

86 2858 173 2931 Quae
196 2869 273 2931 gens
305 2856 384 2916 iacet
413 2869 509 2930 supra
533 2853 666 2916 Ciliciam
691 2854 821 2915 confinis
847 2853 1071 2928 Cappadociae.

84 2941 225 3016 Namque
240 2940 336 3014 Aspis
357 2938 525 2999 saltuosam
538 2939 697 3013 regionam
718 2937 913 3012 castellisque
928 2937 1101 3002 munitami

85 3026 226 3084 incolens
247 3039 309 3086 non
331 3021 432 3084 solum
445 3022 575 3096 imperio
591 3021 675 3096 rogis
693 3037 755 3082 non
770 3019 897 3094 parebat
911 3023 968 3080 sed
982 3020 1073 3082 etiam

87 3107 233 3168 finitimas
254 3104 399 3182 regiones
419 3105 553 3166 vexabat
540 3111 597 3166 tet
618 3119 698 3180 quae
718 3105 783 3178 regi
806 3109 998 3177 portarentur
1018 3104 1071 3163 ab·

79 3191 227 3288 ,ripiebat
256 3191 405 3282 5ltattnnes
425 3189 484 3250 etsi
498 3190 589 3264 longe
610 3186 714 3248 aberat
736 3188 774 3249 ab
787 3187 836 3248 his
850 3187 1028 3262 regionibus
1042 3191 1100 3248 ets

86 3292 105 3335 a
119 3274 238 3337 maiore
251 3289 286 3334 re
307 3273 555 3346 abstrahebatur,
576 3278 677 3330 tamen
691 3270 775 3368 regis
794 3271 941 3332 voluntati
955 3285 1071 3330 morem

9 3361 11 3372 ’
85 3358 256 3434 gerendum
276 3357 402 3433 putavit.
431 3356 537 3430 itaque
558 3356 755 3429 campaneis
776 3355 833 3415 sed
846 3354 920 3416 viris
941 3343 1074 3414 iorbbus'

85 3455 197 3502 navem
225 3440 406 3501 conscendit
422 3438 620 3505 existimans,
633 3438 717 3512 quod
742 3437 869 3517 accidit,
895 3436 1014 3498 facilius
1036 3451 1072 3508 se

85 3524 310 3600 imprudentem
330 3539 427 3599 parva
451 3537 545 3582 manu
570 3535 793 3597 oppressurum
817 3535 908 3596 quam
933 3524 1073 3594 paratum
