2556 3994
165 237 210 306 et
431 239 522 302 xxu.
545 195 934 302 unnrnona‘aao.

213 393 277 455 Sed
292 402 439 467 exrema,
454 409 524 454 curn
538 407 638 488 prope
652 391 714 452 iam
728 391 768 452 ad
782 391 1028 468 desperationem
1043 393 1210 464 pervenis-

182 481 296 551 tsent‚
318 477 521 538 Hamilcarem
546 475 761 549 imperatorem
782 476 928 535 lecerunt
967 475 996 533 ls
1017 490 1081 534 non
1104 476 1210 534 solum

211 561 309 623 hostis
326 562 453 621 amaris
469 558 682 646 Carthaginis
675 559 820 632 renrovit,
849 573 918 618 cum
934 558 1065 631 amplius
1082 566 1209 618 centum

211 645 294 705 milia
315 645 394 704 lacta
414 651 519 702 essent
541 625 742 716 armatorum,
765 643 820 702 sed
836 643 926 701 etiarn
947 657 985 701 eo
1008 643 1162 715 compulit
1176 651 1211 701 ut

130 767 140 786 .
212 730 350 789 locorum
372 727 522 799 angustiis
545 725 640 784 clausi
663 726 769 800 plures
793 727 873 784 lame
889 741 980 798 quam
996 725 1078 785 lerro
1100 725 1210 786 interi

212 819 289 872 rent.
320 811 426 870 Omnia
441 809 558 884 oppida
572 809 756 882 abalienata,
776 811 807 868 in
821 808 870 868 his
884 809 1002 869 Uticam
1023 813 1118 882 atque
1130 809 1211 884 Hip-

132 891 141 910 ·
182 900 340 971 aponum,
362 892 824 966 valentissimatotrusAlncae
841 892 1113 968 restiturtpatnae
1147 892 1209 951 Ne·
1255 882 1256 950 l

214 995 275 1055 que
296 994 334 1038 eo
350 978 405 1037 luit
417 983 582 1036 contentus
598 975 653 1034 sed
670 975 760 1049 etiam
775 975 875 1035 linis
868 977 986 1050 imperii
1008 978 1208 1050 propagavit,
1256 966 1257 1024 l

211 1071 276 1123 tota
290 1062 396 1122 AlrIca
417 1069 531 1120 tantun
554 1060 647 1119 otimn
661 1059 795 1119 reddidit
814 1066 847 1119 ut
861 1060 997 1120 ιιιιΙΙιιιιι
990 1075 1020 1118 m
1035 1075 1074 1118 ea
1089 1059 1208 1119 bellum
1257 1050 1258 1089 ¹

212 1147 368 1206 videretur
382 1146 483 1205 multis
499 1144 587 1202 aronis
603 1142 709 1202 luisse.

168 1222 215 1283 ΠΙ
293 1229 398 1289 Rebus
420 1229 468 1288 his
492 1241 531 1285 ex
552 1228 703 1286 sententia
717 1227 850 1300 peractis
865 1226 970 1286 fidenti
991 1225 1094 1285 animo
1113 1233 1209 1301 atque
1259 1218 1260 1270 l

162 1371 166 1381 ,
212 1314 323 1373 inlesto
337 1313 500 1385 Romanis,
523 1325 584 1385 quo
606 1310 725 1369 facilius
748 1326 872 1370 causam
889 1309 1022 1369 bellandi
1042 1311 1207 1384 reperiret,
1260 1302 1261 1341 ¹

212 1395 314 1456 effecit
333 1404 366 1456 ut
380 1397 544 1470 imperator
559 1409 628 1453 cum
643 1394 779 1452 exercitu
794 1395 826 1453 in
840 1393 1020 1468 Hispaniam
1034 1393 1208 1454 mittereau·
1261 1386 1262 1412 ¹

212 1495 314 1554 eoque
336 1479 551 1538 secumduxit
571 1477 665 1537 filium
686 1477 887 1536 Hannibalem
908 1492 1058 1537 annorum
1081 1494 1206 1542 novem.
1262 1472 1263 1480 ’

211 1563 284 1622 Erat
309 1570 469 1638 praeterea
494 1577 561 1622 cum
589 1560 837 1620 coadulescens
863 1561 1003 1635 illustris,
1035 1561 1206 1635 formosus,
1263 1556 1264 1560 ’

183 1647 396 1707 aHasdrubal.
427 1647 523 1720 Quem
539 1643 675 1704 nonnulli
692 1643 775 1718 diligi
792 1645 921 1718 turpius,
946 1645 1039 1720 quarn
1053 1659 1115 1719 par
1130 1656 1206 1720 erat,

155 1783 161 1792 .
213 1732 250 1790 ab
266 1731 438 1790 Hamilcare
453 1729 668 1804 loquebantur.
703 1727 769 1786 Non
786 1728 865 1787 enim
880 1728 1021 1788 maledici
1035 1735 1123 1789 tanto
1141 1731 1206 1789 viro

213 1815 325 1874 deesse
347 1820 496 1889 poterant.
521 1812 598 1886 'Quo
622 1812 734 1871 lactum
755 1821 803 1872 est
823 1819 855 1870 ut
870 1829 889 1870 a
907 1812 1066 1886 praelecto
1082 1819 1207 1874 morum
1266 1841 1267 1846 ι

59 1939 64 1946 .
149 1939 154 1946 -
211 1900 384 1959 Hasdrubal
408 1915 476 1959 cum
500 1913 538 1958 eo
559 1902 715 1956 vetaretur
729 1911 811 1954 esse.
845 1896 924 1956 Huic
938 1897 988 1955 ille
1002 1895 1098 1958 filiam
1113 1913 1207 1959 suam

195 1983 242 2040 ¹in
263 1983 487 2043 matrimonium
508 1981 601 2054 dedit,
625 1979 710 2055 quod
724 1979 860 2040 moribus
877 1996 983 2040 corum
997 1997 1059 2040 non
1082 1989 1208 2056 poterat

184 2065 350 2128 tintordici
367 2081 476 2124 socero
492 2079 617 2138 genero.
652 2065 697 2123 De
711 2062 771 2122 hoc
786 2063 856 2123 ideo
872 2064 1056 2125 mentionem
1071 2065 1206 2126 lecimus

215 2150 299 2224 quod
313 2149 484 2209 Hamilcare
503 2148 607 2209 occiso
630 2147 680 2204 ille
694 2147 841 2207 exercitui
857 2149 988 2223 praeluit
1002 2163 1119 2223 resque
1140 2167 1206 2210 ma-

211 2249 289 2308 gnas
303 2234 400 2310 gessit
414 2241 444 2294 et
454 2233 601 2308 princeps
616 2230 775 2304 largitione
787 2238 926 2292 vetustos
939 2233 1085 2308 pervertit
1095 2250 1204 2295 mores

213 2317 506 2393 Carthaginiensium
527 2315 729 2390 eiusdemque
743 2323 816 2389 post
835 2323 962 2377 mortem
984 2317 1138 2377 Hannibal
1164 2319 1206 2376 ab

213 2403 349 2461 exercitu
363 2401 484 2476 accepit
498 2401 666 2474 imperium.

170 2481 211 2540 lv
222 2528 235 2554 ,Ι
280 2485 504 2557 ‘AtHamilcan
519 2491 723 2558 posteaquam
737 2499 822 2543 mare
837 2483 955 2544 transiit
968 2484 999 2542 in
1006 2483 1205 2556 Hispaniam·

213 2583 274 2643 que
286 2568 385 2639 venit,
406 2582 533 2642 magnas
551 2564 602 2626 res
618 2567 756 2626 secunda
766 2568 867 2641 gessit
883 2568 1013 2628 fortuna.
1046 2565 1204 2628 Maximus

211 2651 529 2728 bellicosissimasque
553 2651 653 2724 gentis
678 2650 807 2726 subegit.
844 2652 957 2726 Equis,
980 2651 1087 2724 muris,
1111 2650 1202 2724 viris,

213 2739 346 2812 pecunia
361 2745 452 2798 totam
474 2735 673 2809 locupletavit
686 2734 833 2800 Africam.
867 2735 925 2795 Hic
945 2750 1014 2794 cum
1034 2735 1065 2794 in
1079 2734 1200 2794 ltaliam

211 2820 324 2881 bollum
346 2821 458 2880 inferre
480 2819 691 2892 meditaretur,
715 2834 797 2880 nono
818 2835 900 2880 annno
920 2826 1083 2894 postquam
1100 2819 1131 2877 in
1146 2819 1201 2878 Hi-

212 2905 353 2976 spaniam
373 2911 514 2979 venerat,
534 2905 565 2962 in
584 2902 703 2982 proelio
724 2918 865 2977 pugnans
881 2903 1032 2964 adversus
1046 2903 1200 2962 Vettones

179 2984 334 3047 aoocisus
350 2994 406 3046 est.
439 2989 539 3049 Huius
554 2994 738 3062 perpetuum
753 2987 857 3047 odium
875 3003 949 3063 erga
962 2986 1118 3046 Romanos
1134 3003 1198 3046 ara—

186 3065 293 3130 'xime
328 3071 501 3132 concitasse
528 3071 648 3131 videtur
682 3072 853 3131 secundum
881 3071 994 3132 bellum
1020 3071 1197 3131 Poenicum.

210 3153 348 3232 Namque
361 3154 525 3229 Hannibal,
551 3153 632 3215 lilius
647 3154 735 3238 eius
753 3153 888 3246 assiduis
905 3154 1000 3230 patris
1016 3155 1197 3216 obtestatio

209 3238 301 3300 nibus
323 3254 360 3300 eo
384 3246 433 3300 est
452 3239 620 3314 perductus
641 3246 674 3298 ut
692 3213 817 3300 interire
841 3235 933 3315 q'uam
957 3241 1111 3302 Romanos
1134 3256 1197 3300 non

209 3323 342 3398 experiri
358 3325 470 3386 mallet.

572 3465 786 3477 *un—um-
