2556 3994
318 337 319 342 ,
352 279 459 343 xrltll.
481 271 734 346 HANNIBAL.
758 294 783 346 1.
799 293 826 346 2.

319 482 458 581 llxllt.
505 479 857 577 HANNIBAL.

49 649 254 759 flamiam,
275 684 458 745 Hamilcaris
480 685 576 758 lilim,
601 684 872 760 Carthaginiensis.
910 683 942 744 Si
958 685 1087 744 veruml

51 777 115 830 est
133 769 221 844 quod
237 783 328 829 neno
345 768 476 843 dubitat,
499 775 533 828 ut
549 770 686 842 populus
702 770 861 830 Romanus
877 768 976 828 omnis
992 783 1065 842 gen-

53 856 100 914 tis
113 853 231 915 virtute
247 853 410 928 superarit,
427 868 488 914 non
504 858 552 912 est
566 852 757 912 infitiandum
764 853 967 913 Hannibalem
983 857 1065 912 tanto

55 937 264 1014 praestitisse
287 943 409 997 ceteros
433 938 634 1011 imperatores
650 937 815 1010 prudentia
836 943 950 1012 quanto
966 952 1064 1011 popu·

54 1024 113 1082 lus
127 1023 289 1082 Romanus
306 1021 471 1081 antecedat
484 1020 660 1080 tortitudine
675 1028 802 1081 cunctas
818 1021 968 1080 nationes.
990 1019 1095 1078 Nam²

57 1107 341 1182 quotienscunque
363 1119 432 1164 cum
455 1119 492 1164 eo
515 1119 703 1178 congressus
729 1110 777 1164 est
796 1105 827 1164 in
842 1105 927 1164 ltalia
941 1119 1067 1178 semper

58 1189 392 1262 discessitsuperior.
430 1188 519 1262 Quod
533 1187 592 1248 nisi
609 1189 692 1248 domi
708 1188 819 1248 civium
842 1204 969 1248 suorum
990 1187 1064 1246 invi·

58 1275 118 1334 dia
133 1271 310 1332 debilitatus
328 1280 422 1347 esset,
441 1274 598 1333 Romanos
613 1273 736 1332 videtur
752 1287 899 1348 superare
913 1271 1064 1347 potuisse.

60 1357 131 1417 Sed
146 1357 312 1416 multorum
332 1357 511 1433 obtrectatio
528 1356 641 1416 devicit
654 1357 746 1433 unius
762 1357 911 1416 virtutem.
939 1355 996 1416 Hie
1012 1356 1094 1415 otu-d

60 1448 126 1500 tem
148 1441 236 1499 velut
256 1439 424 1510 hereditate
445 1441 587 1502 relictum
610 1441 714 1500 odium
735 1448 895 1516 paternum
917 1438 1065 1514 ergelte-

60 1540 179 1584 manos
196 1522 243 1582 sic
257 1523 455 1584 conservavit
468 1530 503 1583 ut
513 1524 601 1598 prius
617 1524 747 1582 animam
761 1540 853 1600 quam
867 1524 898 1582 id
911 1525 1065 1598 deposue-

61 1609 120 1683 rit,
151 1606 367 1682 quiquidem,
399 1623 469 1667 eum
491 1608 591 1682 patria
612 1609 720 1682 pulsus
744 1617 828 1668 esset
849 1615 878 1666 et
898 1608 1065 1665 aberrarem

63 1707 166 1767 opum
188 1691 353 1768 indigeret,
382 1707 550 1768 numquam
573 1693 724 1752 destiterit
744 1693 844 1752 animo
866 1691 981 1750 bellare
997 1704 1065 1748 cum

61 1773 229 1837 Romanis.

154 1858 230 1917 Nam
241 1866 274 1919 ut
289 1859 423 1919 omittam
430 1859 613 1934 Philippum,
631 1875 721 1934 quem
739 1857 852 1918 absens
864 1857 984 1917 bostem
995 1857 1063 1915 red·
1081 1860 1107 1920 ll

65 1942 148 2004 didit
161 1942 318 2014 Romame,
341 1943 475 2003 omnium
491 1942 538 2002 his
553 1943 744 2017 temporibus
760 1941 993 2017 potentissimus
1009 1957 1063 2000 rex

66 2025 243 2088 Antiochus
259 2027 324 2086 luit.
350 2027 439 2087 Hune
453 2033 536 2088 tenta
553 2027 718 2102 cupiditate
734 2027 868 2088 incendit
884 2025 1017 2086 bellandi
1033 2034 1065 2084 ut

68 2125 213 2186 usquea
233 2111 327 2171 rubro
343 2113 418 2171 mari
439 2127 523 2171 arma
540 2119 669 2171 conatus
685 2111 724 2170 sit
746 2111 857 2171 inlerre
872 2111 986 2170 ltaliae.
1015 2111 1093 2177 Ado

67 2210 164 2269 quem
181 2209 250 2252 cum
264 2195 357 2269 legati
371 2197 531 2257 venissent
544 2195 674 2256 Rorrrani
698 2195 805 2269 quide
824 2194 890 2253 eius
907 2195 1064 2254 ¹voluntate

67 2280 271 2352 explorarent
292 2280 462 2354 darentque
489 2295 615 2354 opernm
642 2277 780 2337 consiliis
806 2276 1005 2336 clandestinis
1031 2282 1065 2334 ut

66 2361 273 2422 Hannibalem
287 2363 318 2420 in
339 2362 547 2439 suspicionem
562 2363 627 2438 regi
648 2361 838 2420 adducerent
855 2368 1010 2436 tamquam
1025 2359 1063 2417 ab

68 2447 151 2520 ipsis
167 2455 343 2520 corruptum
359 2449 418 2506 alia
433 2453 526 2522 atque
541 2452 631 2505 antea
643 2446 771 2518 sentire,
795 2461 897 2519 neque
909 2444 939 2503 id
953 2445 1065 2504 trustra

69 2528 222 2588 iecissent
240 2531 334 2604 idque
347 2531 497 2590 Hannibal
521 2529 725 2605 comperisset
740 2541 837 2606 seque
855 2529 893 2588 ab
916 2527 1063 2588 interiori-

69 2613 132 2674 bus
148 2613 285 2674 consiliis
301 2615 457 2690 segregari
473 2613 611 2688 vidisset,
628 2620 767 2690 tempore
783 2616 854 2673 dato
871 2613 945 2671 adiit
959 2612 999 2670 ad
1013 2617 1090 2670 red

70 2697 254 2773 gemetque
276 2713 344 2757 cum
365 2699 458 2758 multa
484 2699 523 2756 de
544 2694 606 2758 lide
627 2713 685 2758 sua
712 2706 742 2758 et
763 2697 834 2758 odio
857 2695 886 2753 in
907 2695 1063 2754 Romanos

72 2788 356 2856 commemorasset,
379 2781 439 2840 hoc
453 2781 600 2842 adiunxit.
629 2784 720 2842 Pater
733 2797 814 2840 meus
831 2777 929 2852 inquit
942 2779 1065 2839 Hamil·
1135 2787 1138 2793 ’

71 2879 131 2925 cor
149 2869 352 2940 peecatorem,
377 2871 475 2939 impote
486 2881 545 2926 non
563 2869 693 2940 amptius
705 2880 806 2926 nocem
823 2873 1010 2936 concertata,
1032 2864 1064 2921 in

73 2947 1077 3024 HispmticmimpercctorproticiscensCartbapineIovioptimomo··

72 3033 276 3094 xenotostms
294 3035 462 3093 immolavit.
492 3033 574 3104 Quae
585 3033 687 3092 dimna
698 3049 748 3093 res
759 3033 829 3092 dum
845 3032 1064 3105 conficiebatur
1075 3040 1094 3094 t

74 3119 220 3191 quaesivit
235 3133 312 3177 ame
328 3119 469 3178 vellemne
484 3132 583 3176 secem
594 3119 625 3176 tn
636 3128 701 3176 cast
700 3133 739 3175 ra
748 3117 911 3192 proficisci.
941 3115 983 3175 Id
997 3128 1065 3174 cum

74 3201 200 3262 libenter
215 3205 394 3276 accepissem
411 3209 499 3276 atque
509 3199 548 3260 ab
558 3217 592 3262 eo
599 3205 702 3274 petere
715 3204 874 3276 coepissem
889 3216 927 3258 ne
943 3181 1065 3258 dubita-

75 3285 251 3358 retducere,
268 3285 809 3358 tumilteFaciaminpuitsimibi
821 3283 941 3356 fidem
957 3295 1064 3356 quam

72 3371 226 3442 postulo
240 3369 404 3429 dede-ris.
421 3368 518 3428 Simul
528 3384 574 3428 me
585 3368 725 3428 adaram
736 3369 868 3428 adducit
856 3366 965 3441 tapud
974 3379 1064 3440 quam

74 3453 250 3525 sacrificare
260 3455 427 3513 instituerat
436 3454 671 3526 eamqueceteris
680 3454 798 3512 remotis
808 3453 1076 3534 tementemierare

74 3536 160 3595 tussit
174 3551 336 3611 numquam
351 3551 398 3597 me
408 3537 439 3595 in
461 3537 592 3597 amicitie
609 3550 676 3597 cum
693 3535 838 3596 Romanis
852 3533 931 3606 sore.
963 3531 1005 3592 Id
1013 3544 1068 3604 epo
1079 3543 1100 3594 5¹

861 3615 901 3685 ⁶*
