2534 4010
196 271 238 340 aa
382 335 386 343 ,
540 273 718 336 aaron.
739 251 847 338 aaa

196 425 329 486 violatus
344 432 442 503 esset,
466 425 581 503 quippe
596 441 687 502 quem
701 427 883 488 venumdari
897 427 1056 501 iussisset,
1083 433 1189 488 tamen
1262 443 1263 472 t

166 509 307 575 eaodem
326 509 416 570 rediit
429 509 568 570 eiusdem
582 509 691 570 Dionis
708 509 854 586 precibus
868 512 1031 572 adductus.
1061 512 1188 572 Interim

196 594 227 654 in
242 592 383 654 morbum
396 593 501 654 incidit
514 593 694 671 Dionysius.
722 591 788 667 Quo
803 609 873 655 cum
886 595 973 671 gravi
994 593 1189 655 conflictare·
1262 639 1263 644 η

196 685 259 753 tur,
277 677 429 751 quaesivit
443 692 462 736 a
475 677 604 738 medicis
618 677 698 738 Dion
721 678 981 751 quemadmodum
995 694 1031 738 se
1048 678 1188 752 haberet,

196 760 351 836 simulque
364 759 402 822 ab
415 760 453 821 iis
467 761 562 836 petiit,
575 761 603 822 si
617 762 694 821 iorte
705 761 813 821 maiori
824 769 909 824 esset
919 761 1067 838 periculo,
1083 761 1189 822 utsibi

196 847 376 919 faterentur,
402 861 473 904 nam
491 846 573 905 velle
592 861 627 905 se
647 860 717 904 cum
736 859 777 910 ‚eo
798 846 933 922 colloqui
958 846 998 906 de
1022 845 1188 922 partiendo

196 943 303 1003 reguo,
320 928 405 1003 quod
419 929 536 990 sororis
550 944 628 990 suae
643 927 726 988 filios
740 943 780 988 ex
794 930 846 990 illo
862 937 952 990 natos
966 937 1085 1006 partem
1099 929 1189 1004 regni

165 1011 323 1088 epulabat
342 1011 456 1072 debere
476 1012 600 1074 habore.
632 1011 667 1072 ld
692 1012 803 1072 medici
824 1029 885 1074 non
907 1019 1067 1074 tacuerunt
1091 1018 1122 1072 et
1147 1013 1190 1072 ad

197 1095 379 1172 Dionysium
389 1095 484 1156 fllium
496 1111 669 1157 sermonem
680 1096 855 1158 retulerunt
868 1098 934 1171 Quo
945 1097 1189 1169 iilecommotus,

198 1195 236 1240 ue
257 1179 368 1254 agendi
389 1185 473 1240 esset
492 1180 583 1240 Dioni
603 1185 758 1256 potestas,
782 1178 861 1256 p'atri
882 1195 1028 1256 soporem
1045 1179 1189 1240 medicos
1263 1191 1264 1200 ¹

198 1263 273 1324 dare
294 1261 404 1338 coegit.
433 1263 501 1324 Hoc
515 1279 609 1339 aeger
622 1269 745 1339 sumpto
756 1262 811 1342 [ut]
823 1279 933 1324 somno
946 1262 1191 1342 [sopitusldiem

198 1345 273 1408 obiit
286 1362 471 1422 supremum.

228 1503 233 1512 .
258 1429 330 1490 Tele
344 1430 461 1492 initium
481 1430 539 1492 luit
556 1429 664 1500 Dionis
687 1437 717 1491 st
729 1429 872 1510 Dionysii
886 1430 1063 1502 simultatis,
1086 1447 1190 1506 eaque

198 1513 300 1574 multis
314 1513 408 1574 rebus
422 1521 512 1575 aucta
526 1521 583 1574 est
613 1512 677 1575 Sed
693 1520 794 1576 umen
808 1515 916 1591 primis
930 1514 1121 1590 temporibus
1134 1514 1189 1574 ali-

199 1597 345 1676 quamdiu
355 1598 582 1660 simulatainter
592 1613 648 1660 eos
659 1597 792 1658 amicitie
805 1600 926 1660 mansit.
948 1599 1022 1660 cum
1033 1598 1115 1659 Dion
1125 1614 1189 1658 noa

199 1682 363 1744 desisteret
382 1683 547 1744 obsecrare
566 1681 751 1758 Dionysium
771 1689 804 1742 ut
816 1682 973 1744 Platonem
986 1680 1118 1742 Athenis
1139 1698 1188 1741 ar-

199 1773 336 1828 cesseret
349 1767 457 1828 eteius
473 1765 610 1828 consiliis
627 1772 767 1839 uteretur,
784 1765 843 1840 ille,
858 1765 909 1841 qui
921 1767 952 1826 iu
963 1765 1188 1841 aliquarevei·

81 1871 86 1880 ·
168 1852 239 1916 alet
252 1857 372 1927 patrem
390 1850 509 1926 imitari,
532 1865 649 1910 morem
669 1849 697 1908 ei
717 1849 823 1925 gessit.
851 1849 1033 1925 Eodemque
1046 1856 1189 1924 tempore

197 1932 354 1997 Philistum
368 1934 546 1994 historicum
554 1933 727 2012 Syracusas
741 1933 871 2008 reduxit,
886 1933 1040 1994 hominem
1055 1933 1188 1996 amicum

197 2032 259 2078 non
270 2017 368 2093 magis
384 2023 514 2092 tyranno
530 2032 622 2092 quam
635 2016 784 2093 tyrannis.
816 2015 879 2078 Sed
892 2017 932 2078 de
942 2016 1002 2078 boc
1014 2017 1044 2076 in
1056 2031 1094 2075 eo
1108 2015 1188 2075 libro

197 2102 286 2177 plur'a
300 2107 371 2162 sunt
384 2100 535 2176 exposita,
559 2099 610 2175 qui
625 2101 665 2161 de
678 2100 834 2162 historicis
850 2101 976 2162 Graecis
991 2099 1188 2175 conscriptus

165 2193 253 2250 dest.
281 2184 365 2246 Pluto
388 2191 490 2246 autem
503 2190 619 2245 tautum
635 2184 720 2260 apud
734 2183 916 2262 Dionysium
930 2183 1110 2245 auctoritate
1129 2198 1188 2259 po-

196 2269 253 2332 tuit
271 2269 429 2346 valuitque
449 2268 624 2345 eloquentia
643 2275 677 2329 ut
696 2268 726 2329 ei
746 2268 935 2344 persuaserit
954 2267 1126 2345 tyrannidis
1142 2267 1189 2325 ia-

196 2367 267 2413 cere
288 2353 381 2413 linem
407 2352 640 2428 libertatemque
660 2351 795 2412 reddere
814 2351 1032 2428 Syracusanis.
1072 2350 1102 2410 Α
1124 2367 1189 2426 qua

195 2436 354 2520 voluntate
373 2435 490 2498 Philisti
512 2437 642 2497 consilio
664 2435 826 2497 deterritus
849 2435 1005 2511 aliquanto
1032 2434 1189 2496 crudelior

197 2534 269 2579 esse
284 2517 398 2594 coepit
735 2519 739 2524 ”

153 2604 197 2667 iv
260 2602 316 2678 Qui
339 2601 463 2679 quidem
478 2618 547 2662 cum
561 2617 580 2662 a
594 2604 692 2664 Dione
707 2619 743 2664 se
757 2603 897 2679 superari
912 2602 1032 2663 videret
1050 2600 1186 2676 ingenio,
1257 2599 1260 2606 '

149 2737 152 2742 ,
196 2686 385 2766 auctoritate,
402 2702 507 2748 amore
520 2688 637 2763 populi,
654 2703 763 2749 verens
777 2703 826 2762 ne,
842 2687 955 2748 sicum
970 2701 1076 2746 secum
1090 2684 1188 2745 habe-

194 2779 256 2846 ret,
278 2770 413 2848 aliquam
434 2773 630 2832 occasionem
645 2771 693 2832 sui
714 2771 802 2832 daret
822 2770 1016 2847 opprimendi
1031 2783 1144 2830 navem
1157 2767 1187 2830 ei

194 2853 347 2914 triremem
358 2854 444 2915 dedit
458 2871 520 2932 qua
535 2853 710 2916 corinthum
726 2854 943 2930 deveheretur,
966 2852 1135 2915 ostendens
1150 2868 1188 2914 se

196 2937 229 2998 id
242 2937 404 3013 utriusque
415 2938 518 2999 lacere
534 2953 637 3014 cause,
658 2953 707 3013 ne,
723 2953 792 2998 cum
806 2937 884 2999 inter
898 2954 935 2999 se
948 2937 1095 3011 timerent,
1112 2936 1187 2995 alie·

165 3025 276 3086 amtor
293 3021 423 3083 alterum
443 3028 695 3098 praeoccuparet
728 3021 764 3082 ld
779 3037 849 3083 cum
868 3019 1087 3083 iactum-multi
1107 3019 1187 3080 iudi·

195 3110 362 3180 alerentur
374 3121 567 3181 magnaeque
587 3111 671 3166 esset
691 3104 994 3184 invidiaetyranno,
1015 3102 1186 3180 Dionysius
1223 3137 1226 3147 ι

195 3188 297 3250 omnia
319 3203 401 3264 quae
421 3189 539 3249 moveri
553 3193 695 3264 poterant
707 3187 815 3250 Dionis
829 3188 860 3250 in
874 3189 964 3250 navis
980 3187 1128 3263 imposuit
1145 3186 1187 3247 ad

197 3285 329 3348 emaque
344 3271 435 3332 misit
458 3270 509 3332 Sic
524 3271 605 3334 enim
619 3271 787 3334 existimari
800 3271 926 3334 volebat
938 3272 971 3334 id
985 3287 1021 3333 se
1034 3287 1097 3334 non
1111 3269 1186 3332 odio

115 3367 125 3374 “
164 3354 326 3424 ohomlnis
343 3355 402 3416 sed
414 3369 490 3416 suae
504 3355 614 3417 salutis
629 3355 743 3417 iecisse
757 3371 862 3418 causa.
883 3355 995 3418 Postea
1005 3369 1187 3430 veroquam

195 3437 315 3503 audivit
336 3452 407 3500 eum
427 3438 459 3499 in
477 3437 695 3516 Peloponneso
716 3455 842 3502 menum
862 3453 1043 3516 comparare
1063 3438 1187 3514 sibique

192 3520 308 3585 bellum
322 3522 425 3585 iacere
438 3522 553 3600 conari,
568 3523 694 3603 Areten,
714 3522 823 3586 Diouis
837 3537 977 3602 uxorem,
991 3521 1043 3585 alii
1057 3527 1185 3600 nuptum
