2534 4010
277 221 356 282 νιιι
376 219 734 294 rnnasaauuus
755 233 865 297 aar
1019 199 1065 288 ai

80 375 138 436 illis
167 373 357 448 temporibus
383 374 491 437 lortius
516 372 589 434 boni
613 387 671 456 pro
697 373 836 437 libertate
861 335 1067 458 loquebantur

80 473 174 532 qaam
195 456 381 531 pugnabant.
416 457 516 518 llino
507 473 537 518 ιιι
552 449 710 517 Piraeeum
725 459 843 520 translit
857 449 1067 540 Munychiam·
1076 468 1098 528 b

80 556 142 618 que
164 540 301 601 muniuit.
329 539 415 602 Hanc
432 539 480 600 his
495 542 617 618 tyranni
632 557 814 617 oppugnare
829 550 900 603 sunt
914 545 1012 604 adorti
1028 543 1066 606 ab

79 639 181 700 eaque
206 623 333 698 turpiter
351 624 468 700 repulsi
489 625 658 700 protinus
650 640 680 685 ιιι
702 626 808 686 urbem
830 619 922 688 arniis
938 627 1088 704 impedi-

78 707 254 782 mentisque
268 706 390 767 erraissis
405 707 592 783 refugerant
620 707 704 770 Usus
719 717 766 770 est
779 709 992 789 Thrasybulus
1004 725 1095 782 nane

78 791 181 851 minus
204 791 367 888 prudentia
387 808 478 866 quam
492 791 677 874 fortitudine.
707 791 783 852 Nam
798 794 942 856 cedentes
958 796 1066 856 uiolari

78 875 190 935 uetuit:
214 874 288 934 civis
310 874 389 934 enim
410 875 526 937 ciuibus
542 891 670 974 parcere
685 871 829 974 aequum
832 878 986 940 censebat
1007 879 1065 940 Ne-

79 975 140 1035 que
158 959 321 1034 quisquam
337 965 385 1020 est
399 959 575 1020 vulneratus
591 959 649 1019 nisi
662 960 714 1035 qui
726 961 810 1034 prior
821 961 1001 1059 impugnare
1011 979 1066 1024 vo

78 1044 143 1102 luit.
159 1041 1065 1119 Nenainemiacentemvestespotiavitnilattigitnisiarrna,

80 1141 213 1202 quorum
229 1123 392 1201 indigebat
409 1142 554 1216 quaeque
566 1127 605 1186 ad
620 1126 732 1186 rictum
746 1127 946 1202 pertinebant
969 1129 1002 1188 ln
1018 1145 1065 1190 se·
1078 1133 1094 1190 l

79 1210 182 1270 cundo
198 1209 316 1283 proelio
332 1211 442 1272 oceidit
457 1193 578 1284 Critiae,
600 1209 713 1270 dux
679 1218 895 1288 ty‚ranaorum
911 1229 980 1273 oum
996 1214 1063 1289 qui-

79 1295 150 1354 dem
166 1293 358 1352 exadversus
374 1295 600 1372 Thrasybulum
615 1293 781 1354 fortissime
795 1303 955 1371 pugnaret.

164 1375 233 1436 lloc
248 1375 367 1438 deiecto
381 1376 550 1440 Pausanias
567 1376 649 1436 uenit
665 1377 774 1441 Atticis
789 1379 913 1456 auxilio,
915 1381 1067 1442 renLace
1069 1381 1108 1440 lll

79 1460 322 1520 daemoniorum.
354 1461 384 1520 ls
406 1461 484 1540 inter
504 1460 730 1540 Thrasybulum
755 1467 791 1522 et
806 1477 860 1522 eos
887 1462 939 1561 qui
960 1464 1067 1524 urbem

78 1545 224 1604 tenebant
245 1536 317 1603 lecit
336 1559 445 1620 paoem
466 1543 513 1603 his
533 1543 806 1606 condicionibus=
810 1561 849 1605 ne
872 1547 924 1621 qui
947 1563 1071 1621 praeter

79 1627 203 1708 triginta
226 1634 377 1722 tyrannos
403 1634 433 1688 et
452 1628 559 1688 decem
585 1627 637 1704 qui
662 1635 773 1703 postea
793 1636 951 1704 praetores
974 1631 1068 1706 creati

79 1711 251 1788 superioris
274 1727 359 1771 more
381 1711 566 1772 crudelitabs
588 1718 674 1771 erunt
692 1713 741 1772 usi
755 1713 950 1774 allicerentur
965 1701 1066 1786 exilio,

79 1812 159 1856 neue
180 1795 263 1856 bona
278 1795 521 1870 publicarentur;
542 1794 587 1854 rei
601 1794 744 1869 publicae
759 1797 936 1870 procuratio
950 1797 1068 1872 populo

78 1879 271 1939 redderetur.
293 1877 485 1960 Praeclarum
500 1877 560 1937 hoc
576 1893 700 1952 quoque
714 1877 907 1956 Thrasybuli,
923 1882 1007 1957 quod
1021 1889 1097 1946 reb

80 1963 243 2025 conciliata
264 1977 356 2036 paee,
380 1978 448 2040 cum
470 1961 632 2037 plurimam
648 1962 678 2020 ia
693 1963 812 2022 civitate
827 1971 950 2040 posset,
970 1967 1069 2042 legem

79 2047 163 2110 tulit:
184 2062 223 2106 ne
246 2045 315 2120 qais
337 2049 556 2106 anteactarum
569 2061 671 2106 rerum
686 2055 884 2108 accusaretur
897 2064 976 2110 neve
991 2048 1067 2109 mul-

81 2137 214 2198 taretur;
237 2145 367 2204 eamque
387 2129 427 2190 illi
450 2129 612 2191 oblivionis
633 2131 835 2205 appellarunt
870 2131 978 2207 Neque
993 2135 1097 2192 veroa

81 2215 163 2274 lianc
178 2220 294 2274 tantum
309 2207 464 2274 terendam
481 2213 598 2274 curavit
613 2215 669 2273 sed
684 2213 773 2272 etiam
788 2219 821 2274 ut
831 2215 947 2274 valeret
958 2213 1068 2274 effecit.

12 2361 13 2368 y
80 2299 157 2357 Nam
184 2313 253 2357 oum
275 2297 398 2373 quidam
421 2314 459 2356 ex
483 2297 520 2360 iis
537 2297 587 2372 qui
612 2297 700 2356 simul
716 2311 785 2356 curn
800 2312 837 2357 eo
852 2296 881 2355 in
897 2297 988 2360 exilio
1004 2297 1069 2358 lue-

81 2389 152 2442 rant
173 2381 298 2442 caedem
320 2381 422 2442 faeere
437 2397 543 2442 eorum
558 2381 672 2441 uellent
685 2395 754 2439 cum
771 2381 906 2456 quibus
898 2398 927 2440 ιιι
943 2382 1069 2457 gratiam

81 2466 214 2525 reditum
236 2473 300 2525 erat
314 2465 451 2551 publice,
473 2463 627 2541 prohibuit
642 2471 672 2525 et
687 2463 720 2522 id
735 2465 819 2546 quod
834 2465 989 2567 pollicitus
1005 2471 1106 2540 erat

81 2547 243 2626 praestitit

168 2631 245 2704 Huic
259 2648 317 2707 pro
332 2631 421 2690 tantis
432 2631 546 2692 meritis
562 2631 690 2692 honoris
704 2647 819 2692 corona
831 2646 849 2690 a
859 2633 977 2706 populo
988 2629 1060 2690 data
1069 2630 1111 2691 IV

84 2725 132 2776 est
120 2715 234 2776 tfaetu
256 2715 376 2774 duabus
390 2715 516 2792 uirgulis
536 2715 699 2796 olcaginia,
723 2731 814 2790 quarn
829 2715 914 2790 quod
929 2729 1014 2774 amar
1029 2714 1070 2774 oi·
1132 2741 1137 2746 ·

84 2800 166 2858 rium
182 2804 212 2857 et
223 2797 288 2858 ‘aon
305 2799 352 2859 ris
368 2805 581 2875 expresserat,
602 2799 715 2859 nullam
730 2797 834 2858 habuit
849 2797 992 2858 inuidiam
1007 2815 1070 2858 ma-

84 2897 209 2957 gnaque
230 2883 285 2942 luit
306 2881 412 2958 gloria.
443 2883 528 2942 Bene
550 2897 624 2958 ergo
638 2881 770 2941 Pittacus
789 2881 854 2956 ille,
878 2881 929 2956 qui
952 2887 1098 2958 septemb

85 2967 259 3041 sapientum
274 2981 400 3027 numero
416 2971 463 3027 est
475 2965 605 3041 habitus,
618 2981 686 3026 cum
697 2964 873 3044 Mytilenaei
885 2965 978 3024 multa
989 2965 1070 3026 milia

84 3049 224 3124 iugerum
239 3049 267 3108 el
282 3051 347 3125 agri
361 3066 488 3110 munera
503 3050 619 3123 darent
635 3049 739 3122 Nolite,
757 3065 809 3110 oro
824 3065 887 3122 eos,
908 3047 1020 3124 inquit,
1039 3049 1073 3108 id

40 3203 48 3209 ..
84 3135 261 3207 militaturo,
280 3135 360 3210 quod
369 3137 453 3196 multi
462 3135 620 3206 invideant,
634 3135 736 3208 plures
750 3135 837 3196 etium
851 3135 1070 3208 concupiscant.

87 3218 187 3290 Ouure
207 3234 247 3278 ex
264 3219 326 3278 istis
343 3221 410 3278 nolo
427 3220 555 3294 amplius
573 3233 661 3292 quum
682 3223 796 3278 centum
811 3218 932 3290 iuuere,
953 3232 1031 3292 quae
1044 3223 1072 3276 ct

84 3318 181 3360 meram
208 3303 303 3371 animi
327 3305 502 3378 aequitatem
526 3309 555 3361 et
578 3298 704 3360 oestrum
732 3303 907 3361 voluntatem
931 3299 1071 3358 inducent.

83 3385 160 3444 h'arn
181 3399 278 3460 parva
298 3401 424 3445 munera
450 3384 579 3460 diutina,
600 3384 764 3459 locupletia
785 3400 844 3444 non
861 3381 987 3458 propria
1000 3396 1072 3442 esse

85 3475 285 3530 consuerunt
317 3469 371 3528 Illa
387 3469 477 3533 igitur
493 3483 607 3528 corona
622 3463 780 3528 contentus
795 3463 1005 3541 Thrasybulus
1020 3471 1102 3528 ιιι-8
