2556 3994
378 271 458 334 xur.
477 270 760 338 rruoauuusr.
779 280 848 336 aa.
882 288 884 292 ·
988 249 991 256 ’
1043 271 1086 336 te

99 429 352 500 suppresserunt
386 424 427 483 At
440 423 492 484 ille
505 423 666 484 temerant
686 439 763 486 usus
777 424 969 485 rahoaenon
991 427 1087 486 cessit
1125 491 1138 504 κ

98 507 251 568 maiorum
266 515 338 568 natu
353 507 522 568 auctoritati
536 512 574 581 et,
590 514 621 566 ut
634 507 666 566 in
680 523 738 568 sua
751 521 843 568 manu
857 513 942 570 esset
956 508 1085 582 ianuae,
1100 515 1119 568 4

99 607 164 665 quo
185 590 385 651 contenderat
405 590 558 666 pervenit,
586 590 759 666 eodemque
779 597 813 652 ut
832 598 1032 666 sequerentur
1046 593 1087 652 ad

97 673 291 734 Timotheum
311 681 342 734 et
359 673 542 749 Iphicratem
562 673 697 734 nuntium
718 674 810 736 misit.
846 675 925 736 Hinc
949 675 1029 735 male
1053 691 1087 736 re

96 763 189 832 gesta
203 756 411 832 compluribus
427 756 550 817 arnissis
565 757 695 818 navibus
710 758 820 819 eodem
833 757 917 818 ande
930 764 996 819 erat
1015 773 1087 834 pro·

99 841 202 900 leatus
225 839 390 915 serecipit
409 838 587 915 litterasque
607 839 745 900 Athenas
767 837 889 916 publice
909 841 1005 912 misit,
1028 839 1086 900 sihi

98 923 241 999 proclive
255 922 353 984 luisse
360 921 485 984 Samum
501 937 621 997 capere,
637 923 696 983 uisi
706 923 887 984 aTimotheo
899 924 1088 1000 ctlphicrate

98 1007 244 1070 desertus
265 1011 357 1066 esset.
390 1005 525 1080 Populus
548 1021 634 1081 acer,
656 1007 803 1082 suspicax
818 1006 858 1068 ob
878 1022 1008 1084 eamque
1021 1017 1117 1068 reme

98 1088 239 1164 mobilis,
263 1089 473 1160 adversarius,
498 1087 621 1149 invidus
640 1089 745 1164 (etiam
761 1090 913 1166 potentiae
928 1089 958 1149 ln
973 1090 1088 1150 crimen

100 1172 305 1247 vocabantur)
316 1172 583 1233 domumrevocat.
604 1172 799 1234 Accusantur
809 1172 1003 1248 proditionis.
1020 1171 1087 1233 Hoc

99 1255 215 1316 iudicio
230 1254 570 1316 damnatarTiniotheus
582 1255 683 1330 lisque
697 1256 765 1317 eius
779 1257 957 1317 aestimatur
967 1263 1087 1318 centurn

100 1339 233 1400 talentis.
262 1339 316 1399 llle
331 1339 403 1400 adio
419 1339 556 1414 ingratae
570 1338 700 1399 civitatis
715 1346 840 1400 coactus
856 1338 1031 1400 Chalcidem
1052 1355 1087 1402 se
1199 1414 1204 1426 μ

100 1422 237 1484 contulit.
1021 1449 1024 1458 ·

175 1504 274 1567 liuius
289 1510 500 1582 postmortem
514 1521 582 1566 cum
596 1507 744 1580 populum
758 1504 861 1566 iudicii
876 1506 925 1566 sui
939 1507 1075 1581 poenite·
1088 1510 1129 1568 lV

101 1597 162 1664 ret,
184 1591 297 1650 multae
310 1605 422 1650 novem
436 1589 532 1665 partis
548 1589 679 1650 detraxit
697 1595 727 1649 et
741 1589 848 1650 decern
862 1590 976 1649 talenta
989 1590 1088 1651 cono-

101 1689 188 1746 nem,
211 1673 307 1734 filiurn
328 1673 410 1746 eius,
434 1673 475 1734 ad
495 1673 572 1733 muri
587 1673 741 1747 quandam
754 1680 873 1748 partem
891 1673 1088 1733 reficiendam

101 1757 194 1818 iussit
212 1757 297 1816 dara.
330 1757 365 1816 In
388 1771 449 1831 quo
472 1757 612 1816 lortunae
632 1757 767 1820 ‚varietas
792 1763 840 1816 cst
863 1754 1087 1816 animadversa.

100 1840 178 1900 Narn
198 1855 277 1915 quos
298 1855 376 1900 avus
392 1838 498 1909 Conon
519 1855 622 1900 muros
637 1855 677 1899 ex
690 1839 823 1899 hostium
837 1839 953 1913 praeda
972 1839 1088 1915 patriae

101 1923 279 1984 restituerat
296 1923 424 1984 eosdem
438 1939 537 1998 nepos
553 1938 623 1985 curn
637 1937 758 1982 summa
776 1916 943 1998 igntrrilnia
956 1923 1089 1984 familiae

100 2022 142 2068 ex
156 2023 215 2067 sua
228 2021 263 2066 re
282 2005 422 2066 familiari
442 2006 570 2068 relicere
589 2011 715 2066 coactus
730 2011 786 2067 cst.
819 2005 968 2068 Timothei
988 2014 1120 2068 autema

102 2091 280 2152 moderatae
294 2090 504 2166 sapientisque
515 2090 596 2150 vitae
608 2105 677 2150 curn
687 2090 835 2166 pleraque
849 2089 1006 2166 possimus
1018 2107 1088 2166 pro·
1114 2110 1116 2120 ·

103 2170 184 2233 terre
198 2173 387 2247 testimonia,
414 2190 474 2234 uno
490 2173 602 2233 crimus
617 2173 766 2246 contenti,
794 2174 878 2250 quod
892 2188 933 2233 ex
946 2188 984 2232 eo
1000 2173 1089 2232 lacile

103 2255 203 2318 conici
222 2257 334 2333 poterit
354 2271 446 2331 quarn
466 2273 556 2318 carus
578 2257 643 2316 suis
664 2257 762 2316 luerit
797 2255 871 2316 Cam
885 2255 1014 2315 Athenis
1034 2255 1089 2315 ad·

101 2341 312 2402 uleseentulus
327 2355 452 2417 causam
467 2340 596 2413 diceret,
622 2347 684 2400 non
700 2339 799 2400 solurn
814 2338 903 2400 amici
917 2337 1088 2414 privatique

101 2423 243 2500 hospites
264 2423 305 2484 cd
319 2439 389 2484 cunr
405 2423 630 2484 delendendunr
652 2428 860 2482 convenerunt
880 2421 938 2482 scd
952 2420 1043 2482 etiam
1057 2422 1088 2480 in

103 2507 150 2568 eis
170 2507 279 2582 iason,
311 2513 460 2581 tyrannus
484 2506 681 2580 Thessaliae,
709 2504 762 2581 qui
794 2505 846 2566 illo
872 2512 1010 2580 ternpore
1034 2505 1090 2567 luit

102 2591 239 2650 omniurn
253 2589 495 2665 potentissimus.
516 2589 574 2650 llic
588 2605 657 2649 curn
672 2590 702 2648 in
714 2589 813 2664 patria
826 2591 894 2650 sine
908 2589 1089 2650 satellitibus
1103 2593 1122 2648 e

102 2689 140 2734 se
160 2679 257 2734 tutum
277 2687 340 2734 non
362 2670 575 2746 arbitraretur,
602 2672 740 2732 Athenas
761 2672 828 2732 sine
848 2672 911 2731 ullo
932 2672 1088 2745 praesidio
1132 2689 1135 2694 ·

101 2756 187 2818 venit
206 2755 342 2831 tantique
357 2753 512 2831 hospitem
526 2756 607 2830 iecit,
630 2763 664 2816 ut
677 2757 780 2816 mallet
793 2769 829 2814 se
843 2753 953 2830 capitis
968 2754 1088 2829 pericu·

62 2848 66 2860 ·
101 2840 166 2900 lum
181 2838 267 2899 adire
279 2839 534 2913 quamTir'notheo
550 2839 589 2898 de
601 2840 682 2898 lama
693 2837 847 2898 dimicanti
858 2837 979 2898 deesse.
1000 2837 1090 2898 Hunc

101 2922 255 2984 adversus
277 2929 378 2982 tamen
398 2922 575 2983 Timotheus
600 2928 711 2998 postea
735 2920 841 2996 populi
865 2920 953 2982 iussu
977 2921 1091 2984 bellum

103 3007 213 3080 gessit,
235 3003 354 3082 patria'e
368 3007 524 3066 sanctiora
537 3006 605 3065 iura
618 3019 711 3080 quam
724 3003 850 3078 hospitii
864 3019 937 3064 esse
951 3005 1047 3065 duxit.

185 3089 272 3150 Haec
290 3093 429 3148 extrema
441 3088 499 3150 luit
511 3093 596 3150 aetas
615 3090 833 3162 imperatorum
847 3086 1089 3161 Atheniensium,
1103 3091 1122 3145 t

100 3167 274 3246 Iphicratis,
291 3169 447 3245 chabriae,
461 3171 626 3254 Timothei3
648 3185 750 3245 neque
759 3177 833 3245 post
843 3170 964 3232 illorum
975 3171 1091 3231 obitum

101 3256 268 3332 quisquam
288 3255 352 3315 dux
371 3255 402 3313 in
423 3254 477 3315 illa
496 3255 573 3315 urbe
593 3255 650 3316 fuit
669 3253 780 3328 dignus
801 3255 957 3314 memoria.
988 3253 1121 3314 Venice

100 3354 185 3400 nunc
206 3339 246 3398 ad
266 3337 467 3398 fortissimum
486 3339 586 3399 virum
604 3337 790 3412 maximique
811 3337 930 3399 consilii
955 3336 1090 3397 omniurn

100 3422 305 3484 barbarorum
317 3421 455 3496 exceptis
465 3421 587 3482 duobus
597 3420 906 3495 Carthaginiensibus,
918 3417 1091 3480 Hamilcare

100 3509 132 3565 et
144 3505 328 3567 Hannibale.
361 3505 408 3564 De
423 3519 485 3580 quo
499 3504 560 3566 hoc
574 3505 664 3580 plura
677 3504 857 3578 reseramus,
883 3502 968 3580 quod
982 3509 1013 3563 et
1032 3501 1118 3564 ola-6
