2534 4010
198 253 241 320 80
415 260 496 322 vul.
520 253 967 324 Tauromenitana

380 489 478 585 ιιιι.
517 467 1018 590 ιιιιιιιιιιιιιι.

172 635 443 750 lTnaasueurue,
465 675 541 753 Lyci
563 675 659 751 filius,
679 636 888 738 Atheniensis.
918 675 950 736 Si
965 691 1072 750 perse
1087 677 1192 736 virtus

202 759 270 820 eine
293 759 415 820 fortuna
438 759 640 833 ponderanda
667 760 722 829 sit,
751 759 856 820 dubito
882 775 920 818 an
945 759 1029 819 hunc
1053 759 1190 834 primum

202 843 334 904 omnium
350 857 473 916 ponam,
496 842 574 902 lllud
586 843 653 903 sine
664 843 774 903 dubio:
797 842 1189 918 nemincmhuicpraelero

201 925 278 1001 lide,
301 926 488 998 constantia,
511 926 718 1000 magnitudine
738 926 844 998 animi,
866 926 897 984 in
918 927 1048 1000 patriam
1070 941 1190 986 amore.

172 1009 274 1080 nNam
298 1009 382 1086 quod
401 1009 485 1076 multi
505 1011 668 1072 voluemnt
687 1010 840 1085 paucique
861 1015 1040 1084 potuerunt,
1062 1009 1103 1068 ab
1123 1025 1189 1071 uuo

200 1102 331 1171 tyranno
354 1093 482 1168 patriam
503 1093 648 1167 liberare,
669 1093 740 1154 huic
755 1093 896 1167 contigit,
915 1093 1118 1167 utatriginta
1133 1109 1185 1168 op

171 1199 189 1257 3
202 1193 341 1254 pressam
356 1177 496 1255 tyrannis
508 1191 525 1236 e
537 1178 682 1240 servitute
697 1177 910 1240 inlibertatem
921 1176 1100 1237 rihdicaret.
1125 1175 1189 1236 Seu

201 1261 307 1322 neseio
330 1257 391 1336 quo
406 1260 515 1330 modo,
537 1277 606 1320 cum
621 1277 691 1320 eum
705 1275 795 1321 nemo
811 1261 938 1320 anteiret
951 1260 998 1320 his
1013 1259 1188 1334 tirtuu'bus,

200 1344 285 1406 multi
310 1343 467 1406 nobilitate
492 1351 777 1418 praecucurrerunt.
809 1343 939 1404 Primum
959 1343 1189 1418 Peloponnesio

201 1427 283 1490 bello
298 1428 393 1488 multa
405 1427 455 1486 hic
470 1427 536 1488 sine
551 1427 710 1489 Alcibiade
725 1427 830 1502 gessit,
846 1427 895 1486 ille
910 1429 1023 1488 nullam
1038 1442 1106 1486 rem
1119 1429 1188 1487 sine

200 1509 269 1572 hoc.
294 1510 378 1585 Quae
399 1511 450 1570 illc
464 1511 610 1572 universa
623 1512 752 1572 naturali
768 1511 901 1588 quodam
916 1512 998 1571 bono
1013 1509 1087 1570 tecit
1101 1511 1187 1571 lucri.

172 1593 262 1664 tSed
283 1595 335 1656 illa
356 1601 454 1654 tamen
470 1594 573 1656 omnia
587 1596 760 1656 communia
774 1595 1010 1670 imperatoribus
1025 1610 1095 1653 cum
1111 1593 1188 1653 mili—

200 1679 282 1740 tibus
297 1686 328 1740 et
341 1679 477 1754 fortuna,
500 1679 584 1753 quod
598 1679 628 1739 in
644 1678 753 1754 proelii
769 1694 922 1740 concursu
939 1679 1001 1738 abit
1013 1693 1064 1737 res
1080 1693 1100 1736 a
1115 1693 1188 1738 oon·

201 1762 269 1824 silio
291 1762 330 1823 ad
352 1761 434 1822 vires
455 1762 579 1838 uimque
594 1762 802 1838 pugnantium.
835 1761 1022 1838 ltaqueiure
1037 1777 1096 1822 suo
1111 1775 1189 1820 non·

200 1847 284 1908 nulla
303 1846 342 1906 ab
363 1846 546 1922 imperatore
560 1846 664 1920 miles,
686 1847 815 1922 plurima
829 1861 903 1908 vero
918 1847 1041 1910 fortuna
1053 1844 1189 1904 vindicat

201 1944 298 2005 ecque
318 1929 368 1990 hic
389 1931 458 2005 plus
472 1929 609 1990 valuisse
625 1947 715 2005 quam
731 1929 819 1992 ducis
834 1929 1026 2005 prudentiam
1041 1944 1117 1988 rere
1131 1943 1188 2003 po-

171 2019 260 2080 stest
279 2012 468 2088 praedicare.
503 2012 602 2086 Quare
625 2014 698 2074 illud
718 2011 1053 2088 magnificentissimum
1073 2013 1188 2072 lactum

200 2095 359 2174 proprium
375 2102 424 2158 est
436 2091 629 2174 Thrasybuli.
651 2097 725 2158 Nam
742 2113 811 2158 oum
824 2096 946 2172 triginta
960 2096 1081 2172 tyranni
1097 2111 1188 2179 prae

200 2180 293 2258 positi
308 2179 588 2242 abecedaemoniis
605 2181 751 2242 servitute
762 2195 932 2256 oppressas
943 2186 1083 2249 tenerent
1093 2165 1189 2240 Atho

201 2281 275 2341 nas,
296 2265 444 2341 plurimos
460 2265 536 2325 cinis
552 2264 686 2340 quibus
678 2282 708 2325 m
723 2265 805 2326 bello
823 2269 964 2340 parserat
978 2266 1101 2324 fortuna
1115 2279 1188 2338 par-

201 2352 252 2410 tim
275 2349 374 2425 patrio
395 2349 588 2424 expulissent
603 2350 712 2424 partim
725 2349 966 2424 interfecissent,
986 2347 1189 2423 plurimorum

202 2432 284 2492 bona
304 2431 458 2527 publicata
479 2432 557 2492 inter
578 2447 613 2492 sc
633 2432 824 2508 diuisissent,
846 2433 1024 2494 nouaclum
1039 2431 1188 2508 princeps

203 2515 259 2576 sed
275 2513 315 2574 et
317 2529 364 2581 am
380 2515 466 2576 solus
481 2515 565 2576 initio
577 2515 689 2577 bellum
701 2515 749 2577 his
762 2515 879 2576 indixit.

160 2599 184 2660 ll
282 2597 340 2658 llic
361 2598 442 2658 enim
464 2615 533 2660 oum
547 2597 663 2696 Phylen
688 2600 893 2675 confugisset,
916 2599 1001 2674 quod
1015 2605 1064 2660 est
1077 2601 1189 2659 castel—

200 2683 292 2746 lum'
284 2699 313 2742 m
329 2682 431 2744 Attica
452 2683 703 2760 munitissimum,
726 2699 786 2746 non
810 2685 881 2758 plus
896 2682 1002 2744 habuit
1016 2699 1121 2744 secum
1135 2683 1189 2742 tri-

200 2768 284 2842 ginta
308 2767 348 2828 de
368 2767 442 2828 suis.
474 2767 543 2828 lloc
563 2767 679 2828 initium
700 2768 757 2828 tuit
777 2768 885 2828 salutis
903 2767 1105 2841 Actaeorum,
1127 2766 1190 2826 hoc

172 2851 295 2914 trobur
309 2850 455 2912 libertatis
471 2851 660 2914 clarissimae
675 2852 813 2912 civitatis.
846 2851 954 2926 Neque
967 2866 1043 2911 vero
1058 2849 1108 2911 hio
1124 2866 1187 2910 non

201 2940 394 3010 contemptus
407 2943 454 2997 est
464 2937 563 3011 primo
575 2951 594 2995 a
605 2937 753 3013 tyrannis
758 2942 861 3011 atque
862 2935 929 2998 eius
942 2934 1085 2998 solitudo.
1103 2933 1190 3007 Quae

202 3019 325 3094 quidem
349 3033 400 3083 res
426 3025 455 3078 et
475 3020 533 3080 illis
558 3019 822 3080 contemnentibus
844 3017 971 3094 pernicii
992 3023 1022 3077 et
1040 3017 1112 3077 huie
1134 3017 1187 3076 dc·

202 3109 310 3180 specto
331 3102 422 3162 saluti
443 3103 507 3162 luit
540 3103 624 3164 Haec
639 3103 719 3162 enim
734 3093 802 3164 illo's
819 3102 923 3178 segnis
939 3101 978 3162 od
994 3113 1188 3176 persequen·

202 3187 288 3259 dum,
311 3185 369 3246 hos
385 3191 486 3246 autem
501 3192 641 3281 tempore
654 3187 692 3246 ad
709 3186 964 3282 comparandum·
964 3185 1036 3246 dato
1050 3184 1123 3244 lecit
1136 3199 1187 3243 rc

172 3270 365 3338 obustiores.
392 3268 458 3344 Quo
472 3269 569 3343 magis
585 3278 781 3346 praeceptum
795 3269 870 3332 illud
884 3269 1018 3330 οιιιιιιιιιιι
1032 3267 1061 3329 in
1078 3268 1187 3328 animis

202 3370 273 3414 esse
298 3353 403 3428 debet,
424 3353 496 3412 nihil
518 3353 547 3412 ιιι
572 3353 652 3436 bello
675 3363 818 3430 oportere
834 3353 987 3414 contemni
1002 3367 1104 3427 neque
1118 3353 1188 3412 sine

173 3441 296 3496 tcousa
317 3436 375 3496 dici
397 3443 524 3496 matrem
541 3437 635 3496 timidi
651 3437 726 3498 llere
740 3453 802 3498 non
818 3437 928 3497 solere.
963 3437 1070 3510 Neque
1085 3443 1185 3495 lamen

140 3545 149 3595 y
201 3535 257 3594 pro
274 3520 417 3595 opinione
431 3520 614 3598 Thrasybuli
629 3529 736 3582 auctae
752 3528 824 3582 sunt
838 3534 924 3594 opes.
957 3519 1033 3579 Nem
1049 3519 1107 3578 iam
1122 3526 1186 3579 tum
