2534 4010
432 279 472 346 li.
489 281 610 346 n10n.
626 292 695 348 na

413 530 744 638 noluit.

66 731 164 842 Dran,
185 765 346 842 Hipparini
361 767 452 846 libus,
472 767 698 848 Syracusanus,
718 767 814 831 nobili
826 782 939 844 genere
953 772 1053 840 natus
1068 769 1082 830 1

66 857 201 925 umque
219 851 392 927 itnplicatus
408 853 571 931 tyrannide
588 852 818 930 Dionysiorum.
850 851 988 926 Namque
1001 850 1051 910 ille

64 933 216 1015 superior
223 934 475 1010 Aristomachen,
497 951 635 998 sororem
645 935 768 1011 Dionis,
790 934 936 996 babuitin
950 933 1054 994 matri·

65 1018 188 1093 monio,
211 1033 252 1078 ex
266 1035 329 1095 qun
343 1020 423 1080 duos
438 1019 529 1094 lilios,
549 1019 750 1096 Hipparinum
764 1015 794 1080 et
807 1019 966 1092 Nisaeum,
982 1032 1053 1092 pro·

65 1102 185 1164 creavit
198 1101 389 1177 totidemque
403 1095 492 1176 illias,
507 1103 631 1164 nemim
645 1102 870 1180 Sophrosynen
885 1109 916 1162 et
927 1103 1052 1173 Ammo,

66 1201 201 1262 qemun
214 1187 347 1261 priorem
359 1187 509 1263 Dionysio
523 1187 587 1248 fflio
602 1187 703 1248 eidem
717 1187 767 1248 eui
780 1201 906 1262 rognum
921 1183 1051 1260 reliquit,
1118 1231 1120 1236 .

65 1277 198 1346 nuptum
209 1269 302 1343 dedit,
317 1271 453 1345 altemm,
467 1271 590 1344 Areten,
605 1270 706 1331 Dioni.
727 1270 808 1332 Dion
819 1276 922 1330 eutem
931 1274 1082 1344 praetera

66 1353 204 1416 nobilem
224 1353 482 1429 propinquitatem
501 1369 746 1434 generosemque
773 1353 922 1436 maiorum
942 1353 1053 1425 launum

67 1438 163 1498 multa
178 1435 241 1496 alia
253 1437 292 1497 ab
308 1443 416 1498 natura
428 1437 534 1499 habuit
547 1437 643 1512 bona,
664 1437 696 1503 in
709 1437 759 1498 his
773 1435 927 1512 ingenium
942 1435 1053 1510 docile,

67 1535 175 1596 come,
191 1528 295 1596 aptum
307 1521 348 1580 ad
362 1521 437 1582 artis
452 1523 595 1598 optimas,
613 1537 755 1598 magnam
769 1520 910 1596 corporis
925 1517 1053 1594 dignita·

67 1613 146 1677 tem,
168 1619 249 1678 quae
269 1619 332 1664 nen
351 1605 508 1666 minimum
521 1606 728 1680 commendat,
752 1619 880 1680 magnas
894 1609 1055 1678 praeterea

67 1687 194 1748 divitius
209 1695 326 1762 epatre
342 1689 473 1761 relicua,
490 1705 568 1766 quas
578 1690 647 1766 ipse
663 1688 786 1766 tyranni
807 1685 983 1748 munoribus
999 1700 1053 1744 au·

67 1777 166 1831 xerat
186 1770 259 1830 Erat
273 1771 395 1832 munaus
405 1772 560 1850 Dionysio
575 1773 679 1848 priori,
700 1787 801 1848 neque
815 1771 914 1830 minus
928 1773 1085 1843 proptera

67 1869 173 1916 muros
189 1869 281 1928 quam
294 1855 480 1916 nifluilatcm.
509 1857 646 1931 Namque
660 1855 718 1915 etsi
732 1852 874 1932 Dionysii
889 1851 1054 1912 crudelitas

68 1939 96 2000 ci
123 1937 323 2014 displicebat,
353 1945 454 2000 tamen
480 1941 600 2000 salvum
631 1946 757 2015 propter
786 1935 1054 2008 necessitudinem,

69 2019 168 2096 magis
190 2021 281 2082 etiarn
302 2037 429 2084 suorum
449 2039 545 2084 eausa
565 2023 717 2085 studebat.
753 2021 868 2082 Aderat
889 2019 919 2080 in
934 2018 1054 2094 magnis
1103 2043 1105 2050 ⁴

67 2105 174 2180 rebus,
194 2105 323 2180 eiusque
336 2107 467 2168 oonsilio
481 2108 607 2168 multum
620 2106 801 2167 movebatur
814 2111 974 2183 tyrannus,
995 2101 1054 2162 nisi

70 2205 133 2265 qua
144 2189 175 2248 in
189 2205 224 2250 re
236 2189 335 2249 maior
348 2191 446 2266 ipsius
461 2191 614 2267 cupiditas
625 2191 849 2250 intercesserat.
872 2185 1054 2261 Legationes
1068 2183 1087 2238 4

68 2288 146 2332 vero
167 2288 275 2333 omnes
297 2289 377 2348 quae
398 2281 502 2336 essent
523 2274 704 2334 illustriores
728 2287 786 2351 per
805 2270 935 2332 Dionem
959 2267 1055 2328 admi·

70 2355 286 2418 distrabantur.
314 2357 397 2430 Quas
411 2357 536 2432 quidem
556 2357 607 2416 ille
627 2357 789 2432 diiigenter
802 2352 959 2427 obeundo,
979 2351 1055 2410 tide·

70 2440 140 2500 liter
168 2439 411 2501 udmiubtrendo
437 2441 682 2502 crudelissimum
713 2453 825 2500 nomen
853 2434 974 2514 tyranni
998 2449 1057 2494 suu

70 2523 257 2584 humanitate
284 2523 412 2598 tegebat.
446 2525 567 2605 Hunos
580 2522 731 2601 Dionysio
752 2523 881 2582 missum
902 2517 1088 2592 ‚Carthagi-5

70 2607 197 2668 aienses
212 2613 419 2682 suspexerunt
438 2614 472 2673 ut
491 2607 642 2668 neminem
662 2621 808 2684 umquam
823 2603 941 2664 Graeca
954 2602 1058 2676 lingua

72 2690 249 2766 loquentem
262 2690 598 2766 magissintadnrirati.
791 2731 795 2739 ‚

133 2773 242 2849 Neque
258 2790 334 2835 vere
353 2775 431 2836 haee
446 2773 631 2852 Dionysium
651 2773 817 2850 rugiebant.
849 2769 926 2830 Num
943 2774 1057 2844 quanto
1072 2758 1098 2818 ll

72 2865 159 2919 esset
178 2857 238 2918 sibi
255 2865 434 2920 omamento
456 2857 615 2920 sentiebat
652 2859 718 2934 Quo
734 2854 841 2928 tiebat,
863 2860 896 2914 ut
916 2852 968 2913 uni
987 2851 1058 2912 huic

72 2941 207 3001 maxime
227 2941 397 3017 indulgeret
417 2955 519 3018 neque
536 2957 608 3002 eum
630 2957 722 3002 secus
743 2938 883 3013 diligeret
902 2950 939 2996 ac
953 2935 1058 2998 litium

73 3024 129 3099 Qui
145 3024 280 3100 qudem,
302 3041 371 3086 curn
384 3025 542 3086 Platonem
554 3025 716 3086 Tarentum
730 3021 855 3083 venisse
868 3020 949 3080 lenm
966 3020 997 3080 in
1012 3018 1058 3080 Si·
1073 3024 1096 3076 t·

73 3108 176 3169 ailiam
187 3116 273 3170 esset
283 3111 409 3185 perlata,
431 3109 621 3170 adulescenti
635 3123 749 3184 negare
763 3121 825 3167 non
839 3100 972 3180 potuerit
985 3103 1059 3172 quin

73 3207 145 3254 oum
164 3199 352 3267 accerseret,
373 3208 443 3254 eum
458 3193 537 3254 Dion
558 3192 625 3255 eius
648 3190 792 3252 audiendi
813 3187 979 3264 eupiditate
1003 3183 1059 3244 fla-

73 3281 185 3352 graret
211 3275 302 3336 Dedit
315 3292 389 3352 ergo
403 3275 474 3337 huic
488 3276 609 3336 veniam
622 3289 796 3351 magnaque
810 3289 881 3333 eum
895 3267 1072 3332 ambitione

75 3357 250 3436 Syracusas
265 3359 417 3436 perduxit.
439 3359 535 3435 Quem
545 3359 625 3420 Dion
636 3360 716 3421 adeo
731 3356 897 3419 admiratus
912 3357 960 3413 est
970 3357 1093 3427 aeques

76 3443 238 3517 mactavit,
253 3451 288 3505 ut
301 3459 336 3506 se
350 3443 484 3504 citatum
495 3443 638 3505 traderet.
660 3443 765 3518 Neque
776 3455 852 3500 vero
864 3437 963 3498 minus
973 3433 1059 3498 Plato

74 3525 244 3590 mutuas
268 3533 316 3590 est
334 3528 443 3590 Dione.
469 3527 578 3604 ltaque
598 3543 668 3590 cum
689 3519 1062 3662 aDionysitgfmdeliter
