2556 3994
125 168 132 178 =
186 217 229 283 60
419 217 499 280 xvi.
524 213 798 276 abhorreas.
820 218 848 276 3.
862 220 890 273 t.
904 223 930 276 5.

184 368 236 432 uni
253 383 293 430 ex
308 367 373 442 his,
387 365 536 440 Archiae,
552 365 683 442 quitum
697 363 862 426 maximum
875 363 1087 438 magistratum
1101 359 1181 426 The-

157 495 163 504 ,
185 452 233 514 bis
251 448 421 524 obtinebat,
442 449 473 510 in
496 449 683 525 quaomnia
704 449 743 508 de
765 447 955 522 proiectione
976 463 1088 510 aarum
1111 461 1186 524 peri

186 536 301 612 scripta
320 531 416 596 mant.
444 529 529 607 Quae
544 549 614 595 cum
634 533 694 592 iam
714 531 896 592 accubanti
888 548 919 594 m
934 533 1078 592 conmvio
1093 539 1187 594 esset

185 620 265 692 data,
282 619 363 679 sicut
378 622 443 677 erat
457 617 578 692 signata
591 615 650 678 sub
661 615 819 704 pulvinum
830 615 999 676 subiiciens
1009 615 1051 676 Ia
1061 620 1179 678 crosa
1272 607 1273 696 l

155 704 254 764 taam
267 699 365 777 inquit
375 695 680 774 differoressevcras'.
704 699 746 758 At
760 699 802 758 illi
818 705 936 771 omnes,
952 713 1022 758 oum
1037 699 1099 758 iam
1115 716 1180 760 nox
1272 703 1273 780 l

184 785 409 862 processisset,
434 785 580 844 vinolenti
605 783 644 842 ab
667 783 808 842 exulibus
831 783 911 843 duce
931 781 1082 856 Pelopida
1106 792 1221 844 sunr
1272 803 1273 858 ι

185 868 343 930 interiecti.
377 867 493 942 Quibus
513 868 607 928 rebus
630 865 779 926 conlectis
793 867 885 940 vulgo
899 865 940 924 ad
954 881 1043 926 arma
1054 867 1182 927 liberta-

184 960 340 1027 tatemque
361 957 472 1012 vocato
496 967 559 1012 non
581 952 682 1012 solum
705 950 758 1024 qui
774 949 804 1008 in
819 949 897 1008 urbe
912 957 998 1008 erant
1012 949 1072 1008 sed
1087 951 1182 1012 etiam

183 1036 321 1133 undique
342 1051 381 1094 ex
402 1035 485 1109 agris
506 1039 742 1106 concurrerunt,
762 1032 952 1106 praesidium
967 1033 1177 1094 Lacedaemo·
1272 1069 1273 1072 =

183 1120 303 1180 niorum
319 1135 358 1178 ex
374 1135 446 1178 arce
461 1120 659 1194 pepulerunt,
678 1116 805 1192 patriam
822 1116 984 1187 obsidione
999 1115 1180 1192 liberarunt,
1272 1115 1273 1124 ’

184 1209 327 1264 auctores
342 1201 494 1262 Cadmeae
514 1201 716 1277 occupandae
738 1200 849 1304 partim
869 1198 1050 1260 occiderunt
1065 1202 1178 1276 partim

183 1286 215 1346 in
230 1285 355 1347 exilium
369 1286 534 1346 eiecerunt

142 1377 184 1436 lv
274 1369 340 1428 Hoc
350 1375 411 1428 tam
423 1369 545 1430 turbido
555 1376 704 1443 tempore
717 1368 797 1428 sicut
808 1382 903 1442 supra
915 1367 1077 1428 docuimus
1078 1369 1179 1444 ,-Epa

184 1453 346 1514 minondas
362 1453 465 1526 quoad
481 1468 550 1514 cum
566 1451 683 1512 civibus
699 1451 874 1511 dimicatum
889 1456 938 1510 est
951 1450 1034 1511 domi
1051 1452 1178 1526 quietus

186 1537 251 1598 fuit.
281 1535 388 1610 ltaque
408 1535 485 1596 haec
509 1536 704 1596 liberatarum
717 1534 888 1594 Thebarum
904 1533 1031 1608 propria
1045 1535 1113 1596 laus
1129 1545 1181 1598 est

183 1618 367 1695 Pelopidae,
404 1624 525 1678 ceterae
554 1619 619 1678 lere
647 1633 825 1679 communes
855 1633 923 1678 cnm
950 1617 1175 1692 Epaminonda.

155 1717 172 1769 a
186 1706 325 1779 Namque
339 1702 498 1762 Leuctrica
513 1717 617 1778 pugna
630 1702 815 1776 imperatore
825 1700 1040 1776 Epaminonda
1053 1703 1103 1762 hic
1119 1704 1179 1764 luit

184 1791 248 1850 dux
273 1788 411 1848 delectae
435 1801 545 1848 manus
574 1801 655 1860 quae
680 1785 779 1860 prima
804 1784 988 1860 phalangem
1007 1788 1177 1859 prostravit

154 1873 347 1933 abaconum.
376 1868 523 1930 Omnibus
538 1865 699 1946 praeterea
713 1869 858 1944 periculis
873 1867 968 1943 affuit,
985 1870 1065 1930 siout
1079 1867 1175 1944 Spar-

67 1960 75 1983 ‘
182 1965 244 2016 tam
259 1967 329 2013 cum
346 1955 553 2028 oppugnavit,
571 1956 698 2012 alterum
713 1953 810 2013 tenuit
824 1968 929 2023 cornu,
951 1967 1076 2028 quoque
1090 1953 1175 2014 Mes-

183 2053 261 2100 sena
275 2035 406 2095 celerius
421 2037 631 2096 restitueretur
645 2039 764 2110 legatus
778 2037 809 2095 in
820 2035 932 2098 Persas
944 2043 993 2096 est
1003 2037 1175 2110 proiectus.

182 2121 322 2196 Denique
345 2118 421 2179 haec
445 2119 499 2179 thit
520 2122 614 2180 altera
627 2135 765 2194 persona
784 2119 913 2192 Thebis,
935 2121 990 2180 sed
1007 2128 1107 2180 tammr
1123 2139 1175 2184 se-

184 2207 285 2268 cunda
299 2203 342 2262 ita
355 2210 389 2263 ut
402 2205 544 2278 proxima
559 2211 643 2265 esset
655 2203 896 2278 Epaminondae.

141 2295 169 2354 v
268 2286 467 2348 Conflictatus
481 2295 582 2348 antem
597 2294 645 2348 est
659 2303 728 2346 oum
743 2288 877 2347 adversa
892 2287 1021 2347 lortuna.
1050 2288 1126 2347 Nam
1144 2299 1176 2350 et

183 2371 283 2445 initio,
306 2371 386 2431 siout
408 2371 614 2445 ostendimus,
633 2372 705 2431 exui
721 2371 821 2446 patria
836 2371 932 2430 caruit
946 2378 977 2430 et
992 2387 1059 2430 auin
1074 2373 1173 2432 Thes-

182 2455 288 2514 saliam
308 2453 338 2511 in
360 2460 544 2526 potestatem
557 2454 770 2514 Thebanorum
792 2460 919 2528 cuperet
932 2454 1072 2528 redigere
1088 2457 1172 2529 lega·

181 2538 337 2612 tionisque
362 2536 428 2596 iure
448 2538 523 2597 satis
547 2543 659 2598 tectum
681 2553 718 2597 se
739 2537 949 2610 arbitraretur,
976 2540 1060 2613 quod
1086 2541 1173 2612 apud

182 2623 281 2682 omnis
295 2621 395 2696 gentis
411 2628 550 2683 sanctum
566 2635 638 2681 esse
653 2628 845 2695 consuesset,
858 2628 1023 2699 atyranno
1035 2623 1173 2682 Alexan·

182 2707 238 2766 dno
253 2705 391 2768 Pheraeo
413 2706 503 2766 simul
526 2721 595 2765 cum
610 2705 743 2766 Ismenia
764 2705 1008 2779 comprehensus
1023 2707 1054 2766 in
1070 2706 1175 2766 vincla

152 2779 338 2852 tconiectus
354 2795 410 2848 est.
446 2789 534 2849 Hunc
548 2789 779 2865 Epaminondas
794 2790 991 2862 recuperavit
1002 2789 1083 2849 bello
1098 2805 1172 2863 per-

181 2886 318 2947 sequens
339 2872 560 2948 Alexandrum.
595 2873 672 2950 Post
690 2873 723 2932 id
744 2873 856 2932 iactum
879 2888 1044 2948 numquam
1067 2874 1173 2934 animo

181 2955 297 3032 placari
318 2956 416 3029 potuit
429 2957 459 3015 in
474 2971 545 3017 eum
560 2973 578 3016 a
593 2971 656 3031 quo
671 2963 737 3016 erat
750 2956 891 3015 violatus.
917 2954 1025 3031 ltaque
1040 2972 1171 3031 persua-

181 3039 221 3100 sit
233 3037 385 3098 thebanis
400 3046 434 3099 ut
447 3039 585 3101 subsidio
595 3039 774 3100 Thessaliae
785 3038 1055 3113 proficiscerentur
1065 3047 1171 3116 tyran-

151 3133 301 3198 anosque
316 3121 382 3182 eius
398 3127 596 3198 expellerent
626 3123 718 3184 Cuius
733 3122 806 3182 belli
821 3123 934 3182 cumei
949 3138 1070 3184 summa
1084 3131 1174 3184 esset

180 3207 251 3268 data
272 3221 374 3282 eoque
395 3219 464 3266 cum
487 3208 623 3269 exercitu
638 3207 795 3283 proiectus
810 3212 909 3280 esset,
932 3221 994 3266 non
1010 3205 1171 3280 dubitarit,

151 3289 267 3352 tsimul
279 3305 315 3350 ac
327 3289 491 3365 conspexit
501 3291 629 3365 hostem,
646 3289 823 3365 confligere.
844 3290 878 3348 ln
891 3303 954 3364 quo
967 3291 1085 3365 proelio
1096 3291 1168 3350 Ate-

5 3405 6 3448 t
125 3369 128 3373 ’
179 3375 330 3434 nandrum
344 3379 378 3433 ut
392 3373 614 3448 animadvertit,¹
626 3375 773 3434 incensus
788 3373 834 3432 ira
844 3388 958 3446 equum
968 3375 999 3432 in
1012 3387 1082 3434 cum
1094 3389 1167 3433 con·

72 3521 73 3526 ,
181 3457 283 3517 citavit
302 3458 474 3533 proculque
494 3457 655 3532 digressus
670 3474 690 3516 a
704 3458 769 3518 suis
791 3457 932 3518 coniectu
947 3459 1076 3518 telorum
1093 3471 1169 3516 cora
