2556 3994
319 281 412 342 xvh.
434 281 716 344 AGESILAUS.
737 289 763 344 3.
780 293 805 345 t.
822 295 847 344 d.
1036 285 1077 350 63

88 439 167 505 terri,
191 447 259 492 cum
280 432 400 493 videret
418 433 516 494 hostis
534 434 669 510 equitatu
684 447 847 509 superare,
868 451 1032 511 numquam
1049 437 1078 497 in
1267 433 1269 504 l

89 529 202 590 campo
224 515 271 575 sui
293 517 364 576 tecit
384 524 566 592 potestatem
586 524 617 576 et
636 518 673 576 iis
690 517 766 578 locis
784 534 906 578 nannum
922 522 1078 581 conseruit
1268 508 1269 538 ¹

90 598 205 674 quihus
221 601 291 673 plus
307 601 467 674 pedestres
483 600 591 676 copiae
606 602 750 660 valerent.
778 599 899 676 Pcpulit
912 617 985 678 ergo
1001 619 1076 677 quo·

89 683 294 757 tienscunquc
310 698 498 758 congressus
513 692 561 744 est
574 685 668 743 multo
684 684 815 744 maiores
831 685 1077 746 adversariorum

89 766 200 840 copias
223 773 254 826 et
275 766 320 825 sic
342 767 371 825 iu
390 767 465 827 Asia
486 775 628 826 versatus
651 773 753 827 estut
775 769 908 828 omnium
931 770 1077 844 opinione

89 849 192 908 victor
206 849 377 909 duceretur.

173 932 230 992 Hic
250 948 318 993 cum
341 933 400 992 iarn
415 933 515 992 animo
531 934 727 1004 meditaretur
742 935 897 1009 proficisci
912 936 941 994 iu
957 934 1115 997 PersaslV

88 1023 118 1074 ct
134 1015 235 1089 ipsum
251 1030 354 1090 regem
369 1017 491 1089 adoriri,
505 1018 628 1079 nuntius
643 1018 671 1078 ei
686 1019 777 1078 domo
793 1020 876 1080 venit
890 1018 1075 1092 ephororum

87 1099 188 1158 missu
210 1099 320 1158 bellum
335 1099 532 1160 Atheniensis
555 1108 586 1162 et
599 1101 735 1162 Boeotos
758 1102 908 1164 indixisse
922 1102 1075 1162 Lacedae·

87 1182 217 1251 moniis;
247 1198 341 1258 quare
367 1185 471 1243 venire
498 1200 536 1244 ne
558 1184 717 1246 dubitaret.
753 1186 785 1244 ln
808 1185 868 1246 hoc
890 1201 951 1245 non
974 1185 1103 1247 minus!

87 1266 157 1324 eius
177 1266 276 1340 pietas
297 1267 497 1342 suspicienda
512 1275 560 1330 cst
575 1285 665 1343 quam
680 1270 778 1330 virtus
793 1269 911 1329 heilica.
935 1267 990 1344 Qui
1006 1285 1074 1330 cum
1115 1277 1124 1292 ¹

86 1350 197 1409 victori
216 1358 376 1424 praeesset
390 1352 536 1412 exercitui
552 1353 777 1427 maximamque
792 1352 919 1412 haberet
933 1353 1074 1415 fiduciam

86 1433 176 1508 regni
199 1432 360 1494 Persarum
385 1434 541 1509 potiundi,
566 1442 649 1496 tanta
669 1436 819 1496 modestia
842 1436 922 1495 dicto
946 1437 1075 1496 audiens

87 1518 144 1576 luit
166 1517 261 1576 iussis
284 1516 455 1577 absentium
477 1520 707 1593 magistratuum
729 1526 762 1579 ut
784 1519 809 1580 si
825 1520 962 1595 privatus
977 1521 1007 1579 iu
1023 1534 1073 1580 co-

87 1600 173 1660 mitio
189 1607 273 1660 esset
285 1599 424 1675 Spartae.
448 1601 541 1663 Cuius
556 1605 729 1677 exemplum
744 1604 857 1664 utinam
873 1605 1075 1678 imperatores

86 1684 186 1744 nostri
209 1684 297 1759 sequi
320 1686 507 1746 voluissent!
530 1685 592 1746 Sed
612 1687 685 1746 illuc
702 1687 875 1746 redeamus.
911 1687 1104 1760 Agesilause

86 1768 324 1842 opulentissimo
348 1769 444 1844 regno
474 1771 656 1845 praeposuit
683 1770 794 1830 bonam
819 1769 1074 1830 existimationem

85 1851 246 1926 multoque
268 1852 433 1926 gloriosius
459 1853 547 1913 duxit
567 1853 594 1912 si
615 1854 759 1914 institutis
780 1853 898 1928 patriae
919 1854 1076 1928 paruisset

86 1951 179 2010 quam
195 1936 221 1996 si
237 1935 317 1997 bello
333 1943 513 2010 superasset
524 1936 640 1996 Asiam.
662 1937 727 1996 Hac
742 1937 833 2012 igitur
845 1943 945 1996 mente
956 1937 1103 2004 Helles-l

85 2028 215 2093 pontum
242 2019 349 2094 copias
378 2021 496 2081 traiecit
520 2026 666 2096 tantaque
691 2037 768 2082 usus
795 2027 842 2082 est
867 2022 1020 2082 celeritate
1042 2029 1076 2082 ut

86 2103 173 2177 quod
197 2103 253 2163 iter
266 2103 385 2164 Xerxes
405 2120 488 2164 arnna
508 2111 646 2165 vertente
669 2106 843 2166 coniecerat
857 2105 906 2164 hic
921 2106 1075 2165 transierit

83 2187 209 2260 triginta
220 2186 337 2248 diebus.
356 2188 427 2249 Cum
439 2189 498 2247 iam
510 2186 592 2248 haud
605 2190 646 2248 ita
657 2191 748 2262 longe
760 2189 884 2248 abesset
895 2187 1070 2262 aPelopon·
1083 2201 1099 2252 5

85 2286 174 2345 neso,
191 2270 342 2331 obsistere
357 2272 385 2331 ei
400 2271 499 2333 conati
516 2278 587 2331 sunt
599 2271 801 2331 Athenienses
817 2279 847 2331 et
859 2270 977 2330 Boeotii
993 2280 1072 2331 cctc-

83 2355 175 2428 rique
203 2369 308 2414 eorum
338 2355 414 2415 socii
441 2354 522 2430 apud
550 2353 727 2416 Coroneam.
763 2353 847 2429 Quos
869 2353 967 2414 omnis
990 2353 1102 2428 gravio

84 2437 205 2512 proelio
226 2439 306 2498 vicit.
341 2438 439 2498 Huius
455 2438 601 2498 victoriae
614 2438 663 2498 vel
679 2438 810 2498 maxima
825 2438 881 2498 luit
895 2439 961 2498 lctus
978 2439 1071 2514 quod,

84 2537 157 2582 cum
181 2521 318 2596 plerique
339 2537 377 2582 ex
401 2523 472 2598 aiga
495 2537 528 2582 se
546 2523 574 2581 in
591 2523 735 2597 templum
750 2521 1072 2584 Minervaeconlccis·

85 2612 157 2666 sent
172 2611 432 2680 quaerereturque
448 2605 486 2666 ab
499 2621 536 2666 eo
550 2606 622 2681 qnid
635 2605 683 2666 his
696 2608 786 2666 vellet
797 2607 871 2680 fieri,
887 2606 945 2665 etsi
958 2606 1074 2681 aliquot

84 2691 217 2749 vulnere
237 2697 400 2764 acceperat
414 2705 451 2749 eo
467 2691 585 2764 proelio
601 2695 631 2750 et
645 2691 739 2750 uatus
754 2690 915 2750 videbatur
930 2689 1072 2750 omnihus

84 2773 137 2848 qui
161 2774 312 2833 adversus
334 2789 418 2834 arma
439 2774 584 2846 tulerant,
607 2780 706 2833 tamen
723 2774 860 2833 antetulit
873 2773 936 2831 irae
951 2773 1070 2848 religio·

84 2873 154 2916 nem
171 2858 200 2917 et
214 2872 269 2917 eos
284 2859 378 2918 vetuit
390 2858 507 2918 violari.
533 2859 641 2932 Neque
657 2873 729 2918 vero
745 2857 803 2917 hoc
819 2858 917 2917 solum
935 2856 963 2915 in
980 2857 1099 2926 Grac-7

30 2992 35 3002 .
84 2941 133 3000 cia
148 2940 220 3000 iecit
233 2946 267 3000 ut
281 2942 393 3016 templa
407 2941 534 3002 deorum
550 2940 801 3012 sanctahaheret
818 2939 973 3000 sedetiam
986 2941 1069 3016 apud

83 3023 234 3084 barbaros
257 3040 375 3085 summa
394 3024 540 3099 religione
556 3024 658 3086 omnia
673 3024 835 3084 simulacra
850 3039 983 3098 arasque
998 3041 1070 3085 con·

84 3108 228 3168 servavit.
260 3109 367 3182 ltaque
384 3108 584 3184 praedicabat
605 3107 706 3168 mirari
726 3122 836 3168 senon
852 3108 1098 3182 sacrilegorum&

84 3205 212 3251 numero
227 3190 332 3253 haberi
352 3193 403 3268 qui
420 3191 611 3267 supplicibus
627 3207 732 3252 eorum
749 3191 927 3251 nocuissent
941 3197 994 3250 aut
1008 3207 1067 3251 non

82 3273 278 3349 gravioribus
298 3277 408 3350 poenis
430 3275 511 3334 allici
535 3276 587 3351 qui
601 3275 777 3350 religionem
792 3275 963 3334 minuerent
977 3291 1068 3348 quam
1160 3295 1163 3300 ·

85 3358 135 3434 qui
153 3359 224 3418 lana
235 3359 414 3434 spoliarent.

166 3442 242 3504 Post
261 3443 320 3503 hoc
342 3441 490 3518 proelium
514 3443 654 3504 collatum
678 3455 768 3502 omne
789 3440 900 3501 bellum
924 3444 972 3500 est
986 3438 1067 3500 circa
1081 3431 1117 3490 V'

84 3526 260 3586 Corinthum
281 3525 415 3602 ideoque
430 3525 615 3588 Corinthium
633 3532 681 3586 est
695 3525 890 3600 appellatum.
925 3523 982 3584 Hic
999 3528 1096 3585 cums
