2534 4010
129 225 134 238 '
192 239 233 306 te
280 335 283 342 .
315 240 759 306 rememorasse.
792 245 831 305 v.
852 233 1006 304 cruor<
1029 255 1055 305 n

193 391 303 468 coepit,
318 407 357 452 ne
371 386 611 470 enuntiaret'nec
622 409 657 454 se
668 395 807 456 meritum
819 393 858 455 de
869 395 921 456 illo
936 395 1051 474 optime
1065 396 1180 472 prode-

193 484 254 547 ret3
268 475 389 552 quodsi
402 491 468 535 earn
479 476 599 538 veniam
612 477 670 537 sibi
682 477 820 538 dedisset
830 475 983 556 tantisque
991 479 1180 555 implicatum

192 560 284 621 rebus
300 559 504 635 sublevasset,
519 561 673 636 magnoei
688 561 825 644 praemio
841 562 983 622 laturum.
1151 575 1153 581 ·

153 645 179 704 V
241 643 297 704 llis
312 641 405 704 rebus
421 643 528 719 ephori
544 645 674 718 cognitis
696 645 793 706 satius
808 652 951 720 putarunt
971 647 1001 706 in
1017 645 1094 706 urbe
1107 661 1178 706 eum

193 726 422 802 comprehendi.
453 725 519 800 Quo
537 743 605 788 cum
621 735 725 788 essent
740 730 870 805 proiecti
885 736 915 790 et
927 727 1096 790 Pausanias
1111 729 1179 804 pla-

193 818 261 871 cato
275 809 408 884 Argilio,
427 815 459 869 ut
478 811 619 887 putabat,
640 811 903 874 Lacedaemonem
920 820 1129 884 reverteretur,
1148 813 1177 872 in

192 893 314 966 itinere,
337 909 405 956 cunr
427 893 485 953 iam
508 893 538 954 in
561 909 598 956 eo
621 903 727 970 esset,
742 903 775 956 ut
795 895 1115 972 comprehenderetur,
1138 912 1178 956 ex

192 978 277 1038 vultu
293 977 452 1038 cuiusdam
467 978 582 1053 ephori,
597 981 655 1054 'rpui
679 994 747 1040 eum
768 980 926 1042 admoneri
949 979 1106 1058 cupiebat,
1133 979 1178 1038 in-

164 1061 291 1132 esidias
314 1061 373 1121 sibi
394 1061 460 1122 ileri
482 1062 638 1122 intellexit.
673 1063 780 1138 ltaque
800 1064 907 1139 paucis
930 1070 999 1124 ante
1019 1061 1177 1140 gradibus,

194 1162 284 1220 quam
307 1145 360 1220 qui
381 1160 450 1208 eum
470 1145 692 1220 sequebantur,
717 1146 747 1204 in
769 1148 878 1207 aedem
899 1147 1071 1222 Minervae,
1098 1161 1178 1220 quae

194 1228 384 1290 Chalcioicos
395 1223 531 1302 uocatur,
544 1229 689 1304 confugit.
709 1230 788 1290 Hinc
800 1247 839 1290 ne
851 1231 935 1292 exire
946 1236 1064 1306 posset,
1078 1231 1178 1290 statim

193 1311 299 1388 ephori
316 1313 422 1372 valvas
438 1313 504 1376 eius
522 1313 609 1372 aedis
626 1313 842 1374 obstruxerunt
854 1320 1028 1390 tectumque
1043 1320 1114 1374 sunt
1125 1313 1179 1372 dc·

164 1396 296 1471 amoliti,
319 1412 387 1470 quo·
396 1397 525 1458 celerius
541 1396 598 1456 sub
610 1397 683 1457 divo
695 1397 838 1458 interiret.
859 1397 976 1459 Dicitur
991 1413 1028 1458 eo
1040 1404 1179 1474 tempore
1263 1399 1264 1470 ζ

193 1488 319 1540 matrem
330 1479 499 1542 Pausaniae
513 1480 631 1540 rixisse
646 1497 776 1556 eamque
790 1481 850 1542 iam
865 1497 975 1557 magno
995 1488 1077 1553 natu,
1092 1487 1178 1556 post·
1263 1485 1264 1538 3

194 1580 284 1640 quam
297 1565 335 1625 de
347 1565 464 1623 scelere
475 1563 529 1624 filii
540 1564 697 1641 comperit,
713 1565 742 1624 in
754 1565 861 1641 primis
872 1567 912 1634 ad
924 1566 1018 1627 lilium
1034 1565 1179 1625 clauden-

164 1649 265 1713 ldum
280 1648 413 1722 lapidem
429 1648 469 1707 ad
490 1648 641 1708 introitum
657 1649 745 1708 aedis
760 1649 909 1710 attulisse.
937 1649 989 1710 Sic
1002 1649 1178 1716 „Pausanias

192 1748 333 1809 magnam
354 1731 426 1807 belli
447 1732 574 1808 gloriam
597 1733 676 1808 turpi
698 1738 795 1794 morte
816 1733 995 1795 maculavit
1028 1733 1087 1792 llic
1110 1747 1179 1792 cum

100 1855 103 1861 -
148 1859 149 1864 κ
194 1816 380 1878 semianhnis
409 1817 452 1876 de‘
469 1817 582 1891 templo
606 1817 704 1878 elatus
731 1823 830 1893 essct,
858 1817 1017 1878 confestim
1046 1817 1179 1876 animam

165 1900 319 1969 seillavit.
336 1900 426 1962 Cuius
441 1901 551 1961 mortui
567 1915 680 1977 corpus
693 1916 761 1960 cum
773 1901 882 1962 eodem
895 1901 1030 1961 nonnulli
1043 1900 1180 1959 dicerent

193 1985 296 2047 inferri
311 1991 463 2060 oportere,
474 1981 541 2059 'quo
556 1984 576 2043 ii
593 1985 643 2059 qui
659 1985 698 2044 ad
712 1983 895 2060 supplicium
911 1993 1016 2046 essent
1027 1983 1098 2059 dati,
1115 1983 1178 2044 dis-

100 2101 117 2118 s
194 2069 300 2145 plicuit
314 2067 452 2142 pluribus
470 2074 500 2127 et
515 2069 621 2142 procul
637 2068 729 2128 abeo
745 2069 814 2130 loco
830 2069 1013 2142 infoderunt,
1038 2083 1100 2144 quo
1114 2072 1180 2128 erat

193 2157 341 2214 mortuus.
372 2151 447 2212 lnde
465 2151 620 2226 posterius
642 2151 780 2229 Delphici
796 2168 949 2230 responso
965 2161 1069 2214 erutus
1086 2158 1179 2228 atque

194 2237 304 2302 eodem
319 2237 389 2300 loeo
408 2237 558 2314 sepultus,
568 2235 631 2307 ubi
647 2237 740 2310 vitam
752 2243 909 2314 posuerat.

571 2443 787 2456 m

533 2621 580 2723 v.
614 2549 839 2722 eruor.

165 2795 309 2904 admon,
331 2826 476 2888 murram
491 2827 584 2907 rrius,
601 2827 810 2904 atheniensis,
825 2825 902 2890 auro
917 2827 1179 2889 aanouunrnmo
1261 2803 1265 2822 ⁴

192 2929 267 2975 usus
283 2917 330 2973 est
340 2911 577 2974 adulescentiae.
598 2913 674 2973 Nam
689 2929 757 2974 cum
768 2918 856 2988 pater
867 2912 932 2975 eius
945 2913 1027 2974 litem
1038 2911 1180 2972 aestima-

192 3007 253 3058 tam
269 2997 385 3073 populo
405 2997 528 3057 solvere
549 3013 610 3058 non
632 2997 786 3073 potuisset
806 2993 846 3058 ob
862 3013 991 3073 eamque
1005 3011 1132 3057 oausam
1150 2995 1180 3056 in

194 3081 302 3143 vinclis
323 3079 454 3157 publicis
470 3081 673 3156 decessisset,
698 3081 802 3142 Cimon
817 3081 926 3143 eadem
940 3076 1082 3142 custodia
1097 3087 1181 3142 tene-

192 3168 295 3241 batur,
324 3180 425 3241 neqne
447 3164 565 3240 iegibus
586 3166 818 3228 Atheniensium
840 3164 932 3226 emitti
955 3172 1090 3242 poterat,
1120 3163 1181 3230 nisi

166 3260 181 3312 t
193 3249 369 3329 pecuniam,
393 3265 454 3324 qna
476 3255 563 3324 pater
583 3247 726 3312 multatus
748 3259 828 3327 erat,
850 3249 1006 3312 solvisset.
1041 3247 1183 3308 Habebat

193 3343 294 3396 autem
316 3334 346 3393 in
368 3333 559 3394 matrimonio
583 3351 720 3396 sororem
742 3350 917 3412 germanam
939 3349 1036 3406 suam,
1058 3331 1183 3392 nomine

194 3418 361 3493 Elpinicen,
377 3434 438 3478 non
453 3418 551 3494 magis
568 3435 680 3494 amore,
698 3436 788 3496 quam
801 3433 886 3480 more
901 3418 1021 3479 ductus.
1043 3415 1182 3492 Namque

195 3500 433 3564 Atheniensibus
462 3502 533 3564 licet
560 3504 669 3566 eodem
699 3511 786 3580 patre
813 3509 900 3564 natas
922 3517 1036 3563 uxores
1059 3501 1182 3560 ducere.
