2556 3994
213 203 268 270 ιι
460 174 796 276 attenuemus.
818 217 928 272 aaa.

223 364 273 428 his
296 365 395 428 ducet
416 362 548 426 maxime
567 361 722 424 brenham
736 360 802 424 eiua
816 358 847 420 in
860 359 995 435 proelio,
1018 362 1105 438 quod
1123 362 1212 440 apud

193 447 343 510 aThebas
359 448 438 523 iecit,
461 462 530 508 curn
543 444 680 506 Boeotiis
696 443 834 506 subsidio
849 443 995 506 venisset.
1022 445 1163 522 Namque
1177 447 1210 508 in

223 548 261 592 eo
286 531 415 594 victoria
435 529 579 592 fidentem
600 543 751 590 summurn
775 527 884 590 ducem
905 528 1084 602 Agesilaum
1109 528 1211 572 *W

220 614 345 691 Fugatis
360 615 421 676 tant
434 613 473 674 ab
488 627 526 673 co
542 608 743 672 conducticiis
752 610 893 684 catervis,
915 611 1064 686 reliquam
1077 612 1209 688 phalan-

102 709 110 726 ³
221 713 290 774 genr
310 699 381 760 loco
400 696 496 756 vetuit
517 695 628 756 cedere
648 693 825 769 obnixoque
845 709 925 768 genu
942 702 1047 769 acuto,
1068 695 1210 771 proiecta

221 781 311 842 hasta
331 781 477 857 impetum
490 779 636 854 excipere
649 778 783 856 hostiurn
797 777 909 838 docuit.
943 778 980 838 ld
994 794 1110 860 novurn
1124 779 1208 858 Age·

221 865 317 926 silaus
337 871 487 926 contuens
508 861 654 938 progredi
678 877 741 922 non
755 867 912 924 ostensus
927 876 1065 936 suosque
1085 861 1148 924 iarn
1161 861 1208 928 iu·
1251 911 1255 920 .

190 947 368 1008 cernentis
383 945 456 1010 tuba
469 945 635 1006 revocavit.
660 943 727 1006 Hoc
741 959 842 1020 usque
856 959 894 1004 eo
908 951 972 1007 tota
982 944 1111 1012 Graecia
1125 947 1208 1006 lanta

221 1031 405 1093 celebratum
424 1036 487 1103 est,
516 1035 549 1090 ut
569 1028 620 1090 illo
641 1035 724 1090 statu
741 1027 887 1090 Chabrias
908 1028 967 1090 sibi
986 1035 1119 1095 statuam
1139 1031 1206 1115 deri

219 1116 365 1188 voluerit,
388 1128 468 1189 quae
481 1112 603 1188 publice
618 1112 646 1172 ei
658 1111 697 1172 ab
710 1110 948 1196 Atheniensibus
963 1112 994 1172 in
1008 1114 1076 1174 loro
1091 1113 1206 1178 consti

219 1203 283 1258 tuta
297 1205 353 1258 est.
386 1197 434 1258 lix
449 1211 510 1272 quo
526 1197 638 1257 lactum
652 1202 712 1270 cst,
733 1202 765 1254 ut
777 1201 887 1270 postea
905 1195 1035 1256 athletae
1049 1197 1206 1272 ceterique

219 1280 352 1342 artifices
373 1280 413 1342 iis
428 1278 633 1353 statibus·[in]
656 1279 763 1340 statuis
778 1279 931 1354 ponendis
945 1285 1116 1355 uterentur,
1139 1280 1205 1356 qui·

218 1363 277 1426 bus
291 1363 450 1426 victeriarn
464 1370 570 1425 essent
583 1362 698 1438 adepti.

188 1447 215 1508 ll
256 1515 259 1520 ,
307 1447 455 1509 Chabrias
469 1452 570 1508 autern
583 1448 676 1507 multa
690 1447 720 1505 in
734 1446 860 1522 Europa
872 1447 954 1508 balla
972 1445 1204 1520 administravit,

220 1545 289 1592 cunr
303 1531 368 1592 dux
379 1529 611 1592 Atheniensirurr
626 1537 718 1604 esset,
733 1529 763 1589 in
777 1529 922 1606 Aegypto
938 1539 995 1592 sua
1008 1536 1121 1606 sponte
1135 1546 1205 1606 ges·

220 1615 266 1676 sit.
294 1613 369 1674 Nam
383 1612 568 1674 Nectenebin
588 1613 723 1676 adiutum
738 1613 895 1688 prefectus
909 1629 1034 1688 regnunt
1047 1614 1076 1674 ei
1092 1615 1205 1676 oorrsti·

189 1704 207 1758 a
219 1698 281 1760 tuit.
309 1697 394 1760 Fecit
407 1693 493 1758 idenr'
500 1697 603 1774 Cypri,
618 1695 676 1758 sed
689 1695 810 1772 publice
824 1697 863 1758 ab
874 1697 1115 1758 Atheniensibus
1125 1697 1204 1757 Eva·

218 1798 313 1857 gorne
337 1782 459 1844 adiutor
483 1782 588 1854 datus,
618 1795 719 1855 neque
743 1781 828 1854 prius
852 1780 925 1841 inde
944 1781 1089 1842 discessit
1112 1798 1204 1856 quarn

218 1874 311 1926 totam
332 1866 462 1930 insulam
483 1866 564 1947 bello
586 1864 770 1924 devinceret.
805 1863 871 1936 Qua
891 1879 931 1924 ex
951 1879 985 1924 re
998 1864 1204 1948 Athenienses

187 1952 358 2023 dmagnam
372 1949 500 2022 gloriam
515 1954 587 2008 sunt
599 1946 713 2022 adepti.
745 1947 867 2007 lnterirn
879 1946 994 2008 bellum
1007 1947 1085 2008 inter
1098 1947 1204 2024 Acgy-

218 2033 301 2108 ptios
315 2039 345 2092 et
351 2031 461 2092 Persas
476 2029 642 2092 condatino
657 2037 713 2090 est.
736 2030 941 2092 Athenienses
955 2033 1205 2092 curnhrtnxerxe

219 2116 396 2176 societatem
409 2113 578 2187 habebant,
592 2110 827 2174 Lacedaemonii
839 2114 1086 2192 cumAagyptiis,
1102 2131 1121 2175 a
1136 2115 1203 2190 qui-

217 2199 276 2260 bus
291 2214 418 2279 nragnae
434 2197 569 2280 praedas¹
580 2197 759 2273 Agesilaus,
782 2213 838 2257 rex
852 2213 974 2271 eorum,
997 2197 1138 2260 iaciebat.
1168 2199 1204 2260 Id

217 2281 337 2342 intuens
352 2281 515 2355 Chabrias,
536 2297 605 2342 cum
624 2281 704 2356 inre
725 2279 808 2341 nrrlla
821 2281 968 2356 Agesilao
984 2281 1122 2356 cederet,
1145 2299 1204 2344 sua

217 2371 329 2440 sponte
351 2379 406 2424 eos
428 2365 564 2426 adiutunr
583 2366 740 2440 protectus
753 2365 927 2440 Aegyptiae
949 2364 1045 2427 classi
1060 2366 1204 2443 praefuit,

217 2446 413 2522 pedestribus
429 2447 527 2522 copiis
541 2448 715 2522 Agesilaus.

175 2535 216 2596 111
300 2529 375 2590 hun
389 2530 535 2605 praelecti
550 2531 632 2606 regis
645 2531 758 2592 Persae
771 2531 890 2606 legatos
904 2533 1052 2593 miserunt
1063 2531 1203 2594 Athenas

191 2683 193 2692 Ι
219 2618 359 2690 questum
381 2613 466 2690 quod
481 2614 626 2675 Chabrias
646 2615 811 2676 adversum
831 2631 936 2690 regern
949 2615 1063 2676 bellum
1082 2623 1204 2690 gereret

191 2693 193 2703 ¹
217 2711 287 2758 curn
300 2697 473 2774 Aegyptiis.
502 2698 707 2760 Athenienses
723 2698 806 2758 diem
819 2704 932 2758 certam
948 2698 1097 2759 Chabriae
1112 2714 1202 2774 prae-

217 2780 386 2854 stituerunt
402 2797 493 2856 qunrn
504 2787 574 2842 aute
585 2782 709 2842 dornunr
720 2781 779 2841 nisi
793 2781 934 2857 redisset,
949 2781 1059 2856 capitis
1071 2797 1106 2842 se
1116 2781 1203 2844 illum

215 2861 413 2925 damnaturos
435 2865 658 2926 denuntiarunt
690 2864 758 2924 Hoc
777 2864 829 2924 ille
842 2865 947 2928 nuntio
960 2863 1098 2926 Athenas
1111 2865 1204 2926 rediit

100 3015 106 3032 .
187 2953 317 3021 araeque
336 2946 378 3006 ibi
399 2948 512 3009 diutius
533 2954 583 3008 est
600 2954 735 3010 moratus
761 2963 854 3024 qnam
878 2949 935 3009 tuit
958 2962 1097 3011 necesse.
1132 2947 1201 3009 aton

164 3061 168 3068 ·
218 3029 297 3088 eninr
312 3029 439 3092 libenter
452 3037 517 3092 erat
531 3036 601 3090 ante
616 3031 722 3092 oculos
737 3047 862 3092 suorunr
877 3031 998 3105 civium,
1014 3032 1098 3107 quod
1113 3039 1143 3091 ct
1156 3033 1202 3091 vi-

219 3113 309 3172 vebat
322 3114 403 3174 laute
418 3121 448 3174 et
467 3113 645 3189 indulgebat
660 3113 718 3174 sibi
734 3113 888 3174 liberalius
903 3131 996 3190 quarn
1008 3122 1043 3175 ut
1055 3115 1202 3174 invidiam

187 3195 299 3271 evulgi
320 3203 428 3272 posset
450 3196 595 3274 ellugoea.
629 3197 686 3260 Est
706 3196 788 3260 eninr
801 3197 862 3260 hoc
875 3212 1037 3262 murmure
1052 3197 1157 3260 vitium
1171 3198 1200 3258 in

216 3279 335 3354 magnis
349 3279 515 3354 liberisque
529 3279 716 3355 cidtatibns,
734 3286 768 3341 ut
781 3280 898 3340 invidia
911 3281 1150 3357 gloriaecornes
1163 3281 1202 3344 sit

215 3369 248 3422 et
267 3361 395 3424 libenter
408 3363 449 3423 da
469 3362 507 3424 iis
521 3362 683 3424 drumart
702 3365 782 3437 odos
800 3365 936 3424 eminere
955 3364 1081 3426 videant
1100 3365 1201 3439 altius,

217 3460 319 3520 neque
333 3445 435 3507 animo
446 3461 549 3523 aequo
564 3443 723 3523 pauperes
733 3446 864 3508 alienam
877 3448 1066 3523 opulentiam
1079 3449 1202 3510 intuun-
