2534 4010
111 227 164 287 Xl.
185 221 477 286 mulctantes.
497 229 563 336 '⁸⁹³⁰
591 223 655 282 Xll.
678 223 926 288 chasalus
948 239 975 290 t.
1016 225 1057 292 41

66 379 179 458 proelii
190 380 311 455 signum
321 376 360 436 ab
375 377 558 454 imperatore
571 383 656 438 esset
665 378 769 438 datum
780 379 848 440 sine
858 379 946 440 ducis
959 395 1056 456 opera

67 465 113 524 sic
128 463 290 524 ordinatae
305 460 516 534 consisterent,
533 469 567 522 ut
580 461 691 536 singuli
705 461 744 521 ab
755 462 946 538 peritissimo
959 463 1052 540 impe·

66 555 171 608 ratore
193 545 336 620 dispositi
357 544 542 604 viderentur.
581 545 648 604 Hoa
669 545 803 605 exercitu
824 561 941 608 moram
960 545 1083 608 Lace-3

68 629 303 692 daemoniomm
323 627 482 687 interiecit.
515 628 604 701 Quod
627 629 759 688 maxime
781 635 846 690 tota
871 627 1057 693 celebratum

69 720 116 774 est
131 712 273 774 Graecia.
301 711 411 770 lterum
432 711 542 770 eodem
555 709 638 770 bello
654 712 751 771 omnis
767 712 874 786 copias
890 714 1024 772 eorumi
1043 746 1055 756 -

68 797 164 872 gavit.
201 795 266 869 Quo
282 795 360 854 iacto
375 808 516 869 magnam
530 795 660 870 adeptus
676 801 723 856 est
737 795 874 868 gloriam.
910 797 984 858 Cum
999 799 1085 862 ΑΜ

23 919 26 930 ·
68 888 218 958 taxerxes
233 877 388 953 Aegyptio
402 876 467 952 regi
480 876 594 937 bellum
615 877 726 938 inierre
740 877 851 952 voluit,
874 879 1057 954 Iphicralcm

70 963 108 1022 ab
130 960 372 1022 Atheniensibus
394 959 503 1021 ducem
521 961 629 1036 petivit
650 975 740 1034 quem
762 961 943 1036 praeficeret
969 979 1057 1025 exer·

72 1045 144 1125 cipri
168 1041 370 1117 conducticia,
392 1043 480 1104 cuius
504 1059 648 1104 numerus
669 1044 832 1104 duodecim
855 1045 970 1106 milium
994 1047 1057 1108 luit

73 1130 169 1203 Quem
197 1128 319 1202 quidem
341 1127 385 1186 sic
411 1125 493 1199 omni
513 1127 676 1202 disciplina
692 1127 816 1204 militari
840 1128 987 1204 erudivit,
1016 1137 1056 1202 ut,

73 1210 334 1288 quemadmodum
356 1210 510 1284 quondam
529 1210 655 1270 Fabiani
674 1211 784 1270 milites
801 1211 932 1274 Romani
952 1214 1057 1288 appel·

72 1296 122 1355 lati
139 1301 221 1368 sunt,
231 1293 285 1354 sic
299 1292 524 1370 Iphicratenses
540 1293 623 1368 apud
639 1293 773 1376 Graecos
788 1293 819 1354 in
834 1311 954 1356 summa
967 1297 1059 1357 laudo

74 1378 198 1438 luerint.
232 1377 318 1436 Idem
339 1375 477 1436 subsidio
492 1375 744 1446 Lacedaemoniis
765 1373 1087 1455 protectus'hpame

72 1459 197 1521 nondae
217 1459 384 1520 retardavit
403 1460 544 1541 impetus.
572 1459 648 1528 Nom
669 1460 727 1519 nisi
750 1461 816 1522 eius
832 1462 983 1524 adventus
1004 1480 1056 1538 ap-

74 1545 331 1619 propinquasset,
351 1557 412 1602 non
434 1543 519 1617 prius
533 1543 668 1602 Thebani
690 1543 803 1620 Sparta
823 1543 1058 1622 abscessissent,

74 1643 165 1702 quam
183 1635 303 1702 captam
317 1626 461 1686 incendio
477 1627 641 1686 delessent.

149 1710 219 1770 Fuit
233 1716 333 1770 autem
347 1716 378 1769 et
398 1710 498 1770 animo
513 1724 624 1784 magno
646 1717 676 1769 et
690 1705 820 1784 eorpo're
841 1711 1049 1786 imperatoria·
1061 1712 1099 1772 Ill

74 1809 137 1870 que
150 1794 266 1867 forma,
288 1799 321 1852 ut
340 1793 410 1868 ipso
426 1799 554 1868 aspectu
568 1792 666 1853 cuivis
685 1792 811 1853 iniceret
830 1793 1060 1856 admirationem

74 1878 140 1952 sui,
161 1878 220 1938 sed
241 1875 392 1936 inlabere
411 1876 501 1936 nimis
516 1875 666 1937 remissus
681 1891 851 1952 parumque
871 1877 1006 1952 patiens,
1028 1886 1089 1939 uta

73 1961 297 2036 Theopompus
316 1959 481 2019 memoriae
502 1959 651 2034 prodidit,
672 1958 773 2020 bonus
788 1975 864 2021 vero
886 1961 963 2022 civis
984 1963 1059 2022 iide-

76 2059 137 2120 que
156 2059 278 2118 magna.
315 2043 401 2116 Quod
420 2057 489 2101 curn
503 2043 534 2102 in
549 2043 617 2102 aliis
632 2043 725 2103 rebus
741 2044 908 2105 declaravit
920 2051 984 2106 tum
997 2063 1060 2106 ma-

74 2128 158 2186 xime
173 2127 203 2186 in
218 2129 371 2204 Amyntae
385 2125 564 2186 Macedonis
578 2125 682 2186 liberis
694 2127 829 2186 tuendis.
849 2127 987 2204 Namque
1000 2129 1060 2188 Eu·
1088 2175 1093 2189 .

73 2211 197 2288 rydiee,¹
208 2207 475 2269 materPerdiecae
485 2209 660 2284 etPhilippi,
677 2225 745 2268 curn
759 2209 807 2269 his
820 2209 941 2270 duobus
956 2211 1060 2286 pueris

73 2293 211 2370 Amynta
230 2301 350 2353 mortuo
372 2291 412 2351 ad
431 2291 613 2366 Iphicratem
637 2291 771 2366 confugit
795 2291 924 2368 eiusque
949 2293 1060 2368 opibus

76 2378 208 2436 detensa
228 2382 284 2437 est.
320 2375 405 2436 Vixit
424 2375 465 2433 ad
486 2380 672 2434 senectutem
684 2374 814 2450 placatis
836 2376 866 2436 in
880 2391 917 2436 se
938 2385 1092 2440 scomma
1115 2437 1116 2440 ,

76 2459 191 2520 civium
212 2458 330 2518 animis.
365 2458 495 2518 Causam
517 2458 625 2534 capitis
647 2458 741 2518 semel
763 2459 839 2519 dixit
851 2459 932 2520 bello
954 2462 1061 2522 sociali

76 2543 259 2604 simul'oum
272 2541 430 2602 Timotheo
445 2556 547 2615 eoque
566 2538 678 2601 iudicio
694 2547 741 2602 est
760 2542 929 2604 absolutus.
957 2544 1093 2614 Mene-4

76 2625 166 2686 sthea
185 2620 280 2685 filium
299 2624 435 2701 reliquit,
457 2640 496 2684 ex
509 2623 643 2684 Thressa
663 2631 781 2698 nattum,
806 2624 871 2685 coti
891 2626 974 2700 regis
988 2627 1060 2686 filia.

74 2709 105 2769 is
120 2723 192 2768 oum
206 2709 441 2782 interrogaretur
454 2715 554 2768 utrum
568 2707 673 2784 pluris,
689 2714 806 2782 patrem
820 2714 994 2785 mamerano,
1018 2711 1062 2770 la·

76 2799 175 2865 aeret,
196 2792 327 2852 Matrem
346 2790 452 2866 inquit.
486 2791 522 2850 ld
537 2806 605 2852 curn
620 2790 761 2850 omnihus
775 2789 883 2852 mirum
897 2792 1060 2865 videretur,

75 2876 115 2935 Ar
133 2875 186 2934 ille
199 2877 303 2935 merito
316 2874 415 2948 inquit
424 2872 520 2946 facto.
550 2874 628 2934 Nam
638 2879 731 2948 puter
748 2881 889 2947 quantum
906 2879 938 2938 in
954 2894 986 2938 se
999 2877 1063 2951 fuit

79 2958 397 3032 Threoemmepeauit,
418 2963 675 3018 consummator
683 2955 896 3022 tremensem.

497 3099 693 3110 ——--·-—..--

370 3217 453 3314 xu.
487 3215 834 3339 *cuneatus

76 3335 261 3444 canamus,
283 3367 490 3438 Atheniensis.
524 3367 580 3428 iiic
602 3367 924 3444 quoqueinsurmnis
939 3365 1088 3429 habitus!

75 3461 124 3516 est
138 3451 271 3514 ducibus
286 3467 398 3527 resque
408 3453 523 3512 multas
533 3451 681 3512 memoria
694 3451 804 3527 dignas
815 3450 921 3526 gessit
939 3447 1006 3510 Sed
1022 3465 1060 3510 ex
