2556 3994
181 187 246 268 72
371 185 964 250 'XVIHNJE-UMENESMMI

203 353 297 400 uuum
311 339 470 414 opperitur
482 340 524 400 cd
538 337 752 402 lassitudinem
765 337 937 399 scdaudmn
950 339 1080 401 militurn
1094 355 1135 400 ae
1148 357 1192 400 re

204 421 337 484 ticicnda
350 422 491 496 inumata
515 438 577 498 quo
592 422 757 498 integriore
769 422 907 486 exercitu
922 423 1116 484 decederet

160 503 188 566 X
267 505 324 567 Hac
333 505 486 570 Eumenes
498 507 642 566 cadrdum
652 507 869 582 imperatorem
881 507 956 566 vicit
969 508 1101 570 condus
1113 510 1191 568 cete
1267 543 1268 584 3

203 591 384 665 ritatemqae
403 590 563 665 impedivit
582 591 649 650 eius
670 605 771 664 neque
790 596 892 655 mmcd
907 591 1035 652 muttum
1049 593 1192 667 proiecit

173 674 278 734 iiiam
292 673 408 738 invidia
422 674 534 736 ducum
548 691 617 734 cum
632 673 743 749 quibus
758 681 824 734 erut
838 673 1031 749 perfidiaque
1045 675 1192 736 Macedo

202 774 274 824 num
288 765 512 832 veteranorum,
530 774 598 818 urm
612 759 755 834 superior
766 758 885 833 praetio
902 759 1114 832 discessisset„
1129 762 1193 819 An

202 841 307 918 tigano
329 847 377 904 est
396 842 536 917 deditus,
565 859 635 903 cam
658 841 814 902 exercitus
829 843 862 907 ,ei
881 849 928 901 ter
946 850 1017 902 aute
1035 845 1194 918 separatis
1267 869 1268 874 ι

202 924 392 1000 temporibus
412 926 547 987 iurasset
566 942 602 985 se
621 941 692 986 *sum
713 925 912 986 defensurum
929 941 1031 1002 neque
1044 942 1195 1002 umqumn
1267 983 1268 996 ,

203 1010 403 1072 deserturam.
426 1009 489 1070 Sed
499 1017 582 1070 tanta
593 1010 649 1070 tuit
659 1010 852 1070 nonullorum
863 1009 984 1070 vinctis
998 1011 1194 1084 obtrectatio,

173 1094 234 1154 tut
247 1093 341 1156 fidem
355 1093 493 1156 amittere
504 1095 631 1154 mallent
646 1109 738 1168 quam
752 1109 821 1156 cum
837 1109 897 1154 non
913 1095 1057 1168 prodere.
1086 1094 1194 1170 Atque

202 1177 472 1252 huncnntigonus
480 1193 550 1238 cum
562 1177 590 1237 ei
602 1177 712 1238 fuisset
723 1177 951 1250 infestissimus,
960 1187 1193 1254 conservasset,
1267 1209 1268 1220 i

202 1261 229 1321 si
244 1276 390 1336 persnas
405 1268 490 1322 osset
506 1262 629 1337 licitum,
649 1262 735 1338 quod
755 1261 794 1320 ab
809 1263 893 1322 nutio
914 1278 950 1322 se
964 1263 1036 1338 plus
1049 1262 1194 1326 adiuvari

202 1360 298 1420 posse
314 1345 508 1420 intellegebat
523 1345 553 1405 in
569 1346 606 1405 iis
622 1345 714 1406 rebus
731 1361 809 1419 quas
824 1347 1003 1421 impendere
1016 1346 1077 1405 iam
1092 1361 1194 1422 appa-

200 1429 289 1490 rebat
303 1429 454 1490 omnibus.
490 1429 692 1490 imminebant
705 1429 785 1488 enim
801 1428 958 1505 Seleucus
972 1429 1192 1506 Lysimachus,

200 1511 409 1586 Ptolemaeus,
426 1513 538 1589 opibus
553 1514 613 1576 iam
629 1514 776 1588 valentes,
791 1527 861 1574 cam
878 1513 990 1588 quibus
1006 1513 1034 1572 ei
1050 1513 1091 1572 de
1106 1531 1192 1574 sum·

176 1598 260 1658 tmis
279 1595 371 1661 rebus
394 1604 461 1658 eret
479 1597 695 1658 dimicandum.
730 1595 794 1656 Sed
814 1613 876 1658 nan
898 1597 985 1672 passi
1006 1604 1080 1658 sunt
1099 1599 1123 1658 ii
1138 1597 1193 1673 qui

202 1681 284 1742 circa
302 1688 401 1754 eraut,
424 1683 508 1756 quod
525 1680 672 1742 videbant
686 1680 823 1740 Eumene
841 1687 966 1756 recepto
988 1682 1088 1743 omnis
1117 1697 1194 1757 prae
1267 1735 1268 1758 ¹

201 1765 253 1828 illc
275 1765 363 1839 parvi
383 1765 513 1826 iuturus.
546 1766 617 1840 Ipse
639 1771 741 1824 autem
760 1765 935 1840 Antigonus
957 1763 1037 1825 adeo
1058 1773 1130 1840 erat
1148 1766 1193 1824 in·

201 1863 315 1912 census
335 1856 368 1908 ut
386 1848 447 1908 nisi
465 1864 577 1924 magna
599 1863 657 1924 spe
675 1848 876 1908 maximarum
894 1863 995 1909 rerum
1016 1849 1106 1908 leniri
1129 1865 1192 1910 non

158 1939 383 2089 leossfttaque
402 2029 471 2074 cum
486 2027 555 2074 eum
575 2015 604 2074 iu
621 2015 792 2076 custodiam
809 2015 948 2076 dedisset
968 2025 999 2076 et
1013 2018 1194 2093 praetactas

1266 1975 1268 2036 i

201 2098 363 2162 custodum
384 2098 561 2173 quaesisset
587 2100 846 2172 quemadmodum
867 2101 987 2160 servari
1015 2101 1123 2175 veltet,
1157 2101 1196 2162 Ut
1264 2115 1268 2186 t

199 2185 379 2246 acominmm
410 2181 508 2258 inquit
540 2185 652 2244 iconem
679 2194 732 2244 act
739 2183 959 2256 senescentum
987 2147 1193 2260 deonantum.

171 2266 881 2330 aNondumenimstatuermconservarsteum
897 2283 1004 2326 necne.
1036 2267 1194 2329 Veniebat

199 2359 300 2411 autem
321 2350 362 2410 ad
388 2350 555 2412 Eumenem
582 2357 749 2425 utrumque·
769 2365 868 2424 genus
888 2351 1059 2424 bantinum,
1082 2358 1113 2412 et
1136 2353 1192 2428 qui

199 2439 327 2508 propter
338 2433 441 2493 odium
455 2434 584 2493 iructum
596 2433 694 2494 oculis
707 2449 745 2493 ex
768 2434 834 2494 eins
855 2450 930 2494 casn
949 2449 1061 2510 capere
1075 2435 1194 2495 velient

200 2523 230 2576 ct
252 2516 303 2594 qui
326 2523 453 2592 propter
471 2523 607 2576 veterem
629 2517 791 2577 amicitiam
813 2518 947 2595 antioqui
967 2517 1193 2592 consolarique

200 2607 355 2678 cuperent,
375 2599 460 2662 multi
474 2600 565 2660 stiam
584 2601 636 2676 qui
650 2601 718 2662 eius
734 2602 862 2662 tonnam
878 2617 1068 2678 cognoscere
1082 2603 1192 2662 stude-

198 2684 281 2758 bunt
298 2685 397 2764 qualis
412 2691 498 2746 esset
513 2700 603 2759 quem
619 2691 680 2744 inm
694 2685 747 2745 diu
761 2693 885 2761 tamque
900 2687 992 2746 valde
1003 2686 1189 2761 timuissent,

168 2769 284 2830 sauine
299 2769 330 2830 in
345 2769 480 2845 pernicie
500 2769 632 2845 positam
651 2785 741 2844 spem
761 2769 1112 2832 habuisssntvictariae.
1148 2772 1193 2830 At

197 2852 351 2914 Eumenes
379 2869 448 2914 cum
470 2853 582 2914 diutius
609 2853 640 2912 in
664 2853 774 2914 vinciis
797 2861 894 2929 esset,
923 2851 977 2914 eit'
993 2852 1191 2914 Onomarcho

197 2951 295 3012 penes
319 2952 410 3012 quem
439 2953 557 2998 summa
585 2937 704 3032 imperii
731 2944 797 2998 erut
822 2937 997 3010 custodiae,
1026 2953 1063 2998 se
1083 2937 1191 2996 mirari

201 3019 370 3096 quereiam
385 3021 505 3092 tertium
520 3021 601 3082 diem
617 3021 662 3080 sic
676 3027 844 3094 teneremm
868 3021 1022 3084 nonenim
1036 3020 1098 3080 hoc
1111 3018 1189 3080 con‘·

198 3103 304 3166 venire
317 3103 462 3180 Antigoni
483 3104 664 3202 prudentiae
685 3112 718 3164 ut
738 3105 784 3165 sic
803 3105 979 3166 denotaretur
992 3103 1089 3174 victam
1112 3104 1188 3180 quin

168 3195 252 3250 taut
272 3173 400 3249 interfici
421 3195 474 3249 aut
492 3189 620 3250 missum
641 3188 708 3248 tieri
729 3188 856 3250 iuberet
887 3189 945 3249 iiic
964 3203 1034 3248 cum
1049 3187 1189 3248 ierocius

201 3270 395 3334 Onomarcho
410 3272 497 3349 ioqui
512 3273 676 3346 videretur,
692 3273 773 3344 Quid
786 3271 842 3336 tu?
863 3273 961 3347 inquit
972 3275 1073 3333 munao
1088 3276 1119 3333 si
1131 3275 1192 3334 neto

199 3373 278 3431 occ,
293 3374 350 3418 car
365 3373 425 3418 noca
442 3359 601 3433 inprouida
613 3357 748 3419 cemdbti
760 3358 861 3432 pomo
871 3372 960 3432 ριιωιι
973 3358 1189 3432 capacitatem

170 3441 314 3516 tincboci
321 3437 458 3502 mames?
478 3440 556 3500 Huic
576 3439 728 3500 marcnes
754 3439 871 3502 Utinam
886 3441 1004 3516 puidam
1020 3441 1102 3500 acad
1113 3453 1189 3501 etn-
