2556 3994
191 268 253 333 lot
465 271 558 334 xxv.
581 259 923 336 Ammiteanoi?
1004 285 1008 292 ’

184 425 317 502 prebent
334 439 445 499 metent,
464 424 573 487 dein&
589 441 628 485 ne
641 423 764 498 frustra
775 425 964 488 deborwado
973 425 1121 504 impedire
1131 443 1189 490 co-

188 525 308 569 nomam.

144 590 229 652 XXII
322 591 389 652 Hac
411 592 550 653 oratione
567 591 672 652 habita
689 595 773 652 turim
792 593 965 653 constantia
979 593 1067 655 vocis
1090 601 1186 668 atque

189 677 292 737 vultus
311 681 344 736 ut
364 691 428 737 non
449 691 488 736 ex
510 676 571 735 vita
593 675 649 736 sed
668 690 708 735 ex
726 677 818 736 domo
841 676 872 736 in
889 677 1013 738 domum
1027 677 1188 738 videretur

188 761 336 836 migrare,
359 776 427 822 cum
449 759 574 835 quidem
588 759 729 834 Agrippa
746 775 817 820 eum
832 758 911 821 llens
927 766 1022 837 atque
1036 762 1185 824 osculans

160 851 291 914 sonaret
305 850 398 920 atque
412 844 591 904 obsecraret
604 859 642 902 ne
658 843 698 902 ad
713 843 744 902 id
760 843 846 918 quod
858 851 965 906 natura
978 853 1104 922 cogeret
1116 845 1186 918 ipse

190 943 316 1006 quoque
338 927 397 988 sibi
419 929 621 996 acceleraret,
645 925 744 964 ******
767 934 798 986 et
815 928 959 1003 quoniam
977 935 1039 990 lum
1055 944 1186 1006 quoque

189 1019 299 1088 posset
313 1011 506 1088 temporibus
521 1025 705 1087 superesse,
728 1027 764 1071 se
779 1011 838 1071 sibi
854 1012 982 1088 suisque
997 1021 1184 1086 reservaret,

152 1105 300 1172 ⁸spreces
316 1097 383 1156 eius
400 1097 552 1156 taciturna
566 1111 624 1156 sua
638 1095 845 1156 obstinatione
861 1097 1026 1172 depressit.
1050 1095 1101 1158 Sic
1114 1111 1184 1156 cum

189 1181 316 1242 biduum
332 1181 401 1240 cibo
419 1195 455 1240 se
470 1179 679 1253 abstinuisset,
695 1179 797 1240 subito
812 1179 908 1241 febris
919 1181 1057 1242 decessit
1070 1181 1183 1242 levior·

191 1279 252 1339 que
266 1265 393 1326 morbus
409 1278 481 1324 esse
496 1263 608 1339 coepit.
629 1263 742 1323 Tamen
758 1264 952 1339 propositum
967 1266 1062 1327 nihilo
1079 1264 1182 1324 secius

190 1349 318 1424 peregit.
345 1347 452 1424 Itaque
468 1347 518 1407 die
534 1347 639 1422 quinto
656 1355 821 1424 postquam
839 1348 870 1408 id
886 1349 1048 1410 consitium
1064 1349 1183 1422 inierat,

162 1457 168 1466 ·
189 1433 290 1508 pridie
310 1429 460 1492 calendas
475 1431 592 1507 Aprilis
608 1432 665 1491 Gn
681 1431 811 1492 Domitio
829 1433 863 1492 G.
881 1431 974 1494 Sosio
989 1431 1183 1504 consulibus,

159 1517 349 1581 tdecessit.·
370 1515 476 1576 Elatus
492 1523 540 1576 est
553 1516 584 1575 in
606 1515 761 1588 lecticula,
783 1523 816 1576 nt
835 1517 905 1592 ipsc
927 1517 1184 1592 praescripserat,

190 1601 258 1662 sine
272 1603 333 1661 trita
348 1616 465 1677 pompa
479 1599 596 1660 toneris
612 1599 828 1660 comitantibus
844 1601 987 1662 omnibus
1000 1603 1103 1676 bonis,
1118 1615 1184 1659 ma-

188 1685 273 1746 xima
293 1685 376 1760 vulgi
399 1684 581 1759 frequentia.
614 1681 761 1758 Sepultus
784 1690 833 1744 est
853 1685 938 1746 iuxta
951 1687 1033 1746 viam
1046 1684 1183 1760 Appiam

67 1831 69 1834 ,
189 1769 230 1831 ad
255 1770 394 1845 quintum
421 1767 556 1843 lapidem
582 1784 611 1827 m
638 1775 835 1829 nronnmento
862 1770 896 1844 Q.
919 1769 1055 1845 caecilii,
1086 1783 1184 1828 avun-
1268 1849 1269 1868 Χ

190 1853 249 1914 culi
265 1855 324 1914 sui.

426 2273 561 2385 Abii
589 2285 917 2386 creterra

221 2491 404 2556 nrrsrom
426 2490 646 2554 cononum
666 2434 813 2554 nin-rius¹
831 2489 1105 2577 amoenorum
1142 2468 1144 2472 ’
1265 2437 1266 2442 ¹

95 2693 96 2697 ,
158 2648 175 2702 1
270 2628 363 2692 Dices
376 2627 536 2705 pulchrum
548 2645 620 2691 esse
632 2629 772 2690 inimicos
784 2627 902 2688 ulcisci.
924 2625 958 2685 ld
971 2623 1184 2701 nequemaius

188 2729 289 2790 neque
305 2713 463 2791 pulchrius
479 2713 623 2790 cuiquam
638 2720 732 2791 atque
747 2711 820 2772 milri
836 2726 908 2772 asse
923 2709 1059 2781 videtur,
1081 2707 1138 2768 sed
1153 2705 1182 2766 si

187 2799 279 2862 liccat
292 2813 326 2858 re
341 2798 465 2876 publica
480 2799 568 2858 solva
583 2814 621 2859 ea
635 2795 792 2874 persequi.
827 2795 889 2856 Sed
906 2793 1048 2870 quatinus
1063 2791 1096 2850 id
1109 2789 1181 2850 lieri
1264 2787 1265 2800 ¹

188 2899 251 2943 non
273 2888 391 2960 potest,
420 2883 514 2944 mullo
542 2890 682 2959 tempore
708 2880 873 2958 multisque
903 2876 1039 2955 partibus
1067 2873 1183 2935 inimici
1263 2939 1264 2948 χ

188 2967 287 3029 nostri
302 2981 364 3026 oon
377 2966 520 3043 peribunt
531 2975 624 3042 atque
638 2967 681 3028 uti
695 2979 776 3050 nunc
788 2971 859 3026 sunt
871 2968 959 3024 erunt
972 2961 1183 3038 potiusquam

188 3066 239 3114 res
255 3050 378 3127 publica
393 3049 574 3128 profligetur
588 3059 681 3128 atque
696 3055 812 3128 percat.

485 3233 620 3298 omnir
641 3231 729 3296 erro
752 3199 868 3296 ioco
974 3189 977 3195 ’

159 3363 179 3416 2
273 3352 385 3413 Verbis
398 3352 555 3428 conceptis
567 3351 710 3412 deierare
722 3351 820 3411 ausim
836 3354 1051 3426 praeterquam
1066 3346 1118 3422 qui
1133 3345 1185 3406 Tl-

190 3439 307 3499 berinm
333 3436 502 3496 Gracchum
531 3440 680 3497 necarunt
704 3435 855 3496 neminem
884 3429 1037 3492 inimicum
1064 3437 1185 3490 motum

190 3521 350 3583 molestiae
364 3526 546 3594 tantumque
557 3519 672 3580 laboris
689 3525 835 3594 quantum
855 3524 885 3578 te
896 3514 946 3576 'ob
961 3516 1018 3576 has
1041 3512 1185 3576 rescribi
