2556 3994
214 249 257 317 aa
458 245 565 328 nuru.
585 247 818 312 nunnuns.
838 256 867 310 a.
880 255 950 321 cqc.

181 449 183 455 ,
215 397 486 478 prudentissimum
510 405 546 460 ut
567 399 666 462 deviis
693 397 852 467 itineribus
881 399 993 463 milites
1020 398 1152 464 moeret
1179 401 1209 464 iu

217 483 327 566 quibus
352 499 427 544 vera
450 482 558 546 audire
579 498 653 546 non·
667 489 797 560 possent
823 490 855 546 et
877 484 915 544 iis
941 483 1150 557 persuaderet
1174 499 1209 544 se

185 573 322 632 econtra
346 567 498 646 quosdam
524 563 676 628 barbaros
699 567 866 644 proficisci.
901 569 1009 642 ltaque
1029 567 1131 644 tenuit
1147 567 1208 633 boe

215 652 411 730 propositum
428 656 459 710 et
472 648 559 726 prius
574 651 716 712 maciem
733 651 902 713 exercitum
915 649 1024 713 eduxit
1039 651 1206 724 proclianu-

217 753 277 814 que
298 733 449 796 commisit
471 750 563 809 quam
582 734 692 796 milites
715 735 762 796 sui
778 735 893 796 scirent
907 751 977 797 cum
992 733 1103 808 quibus
1120 751 1207 796 eruta

216 819 399 882 conterrent.
433 815 544 878 Effecit
566 818 656 878 etiam
676 817 753 878 illud
767 819 906 880 locorum
921 819 1207 893 praeoccupatione

215 912 249 966 ut
263 905 400 980 equitatu
414 902 519 978 potios
534 899 707 975 dimicaret,
726 919 788 976 quo
804 905 874 977 plus
889 901 1026 974 valebat,
1042 916 1139 976 qrram
1153 917 1208 977 pe

216 987 320 1062 ditatu,
336 1003 398 1064 quo
414 991 480 1048 erat
493 981 655 1046 deteriore.
1263 989 1264 1068 l

173 1082 215 1141 lv
311 1069 445 1146 Quorum
473 1069 621 1129 acerrimo
648 1085 803 1132 concursu
828 1085 898 1130 eum
922 1084 1065 1143 magnam
1086 1077 1210 1144 partem
1263 1069 1264 1144 Ῑ

216 1155 276 1216 diei
296 1163 381 1216 esset
401 1160 629 1229 oppugnatum,
643 1154 724 1215 cadit
746 1155 888 1216 Crateros
911 1153 975 1212 dux
995 1159 1026 1212 et
1038 1153 1210 1228 Neoptole·
1263 1157 1264 1238 f

214 1255 299 1314 mus,
330 1239 382 1315 qui
404 1237 575 1298 secundum
601 1237 702 1313 locum
724 1237 843 1314 imperii
869 1236 1000 1298 tenebat.
1045 1236 1124 1298 Cum
1149 1237 1210 1298 boc
1263 1241 1264 1302 l

186 1323 369 1393 aconeumit
390 1321 460 1396 ipse
477 1319 641 1382 Erunenes.
675 1321 732 1396 Qui
753 1338 824 1382 cum
843 1321 923 1382 inter
944 1335 980 1380 se
1002 1321 1161 1396 complexi
1180 1322 1211 1382 in
1263 1315 1264 1398 ᾖ

214 1415 325 1468 terram
348 1421 389 1468 ex
409 1404 499 1481 equis
522 1405 726 1480 decidissent,
754 1411 788 1466 ut
810 1405 900 1483 facile
922 1403 1054 1480 intellegi
1077 1413 1210 1480 possent
1263 1457 1264 1476 ,

215 1491 339 1552 inimica
367 1497 468 1550 mente
498 1489 696 1550 contendisse
720 1490 884 1564 animoque
908 1487 1006 1564 magis
1032 1487 1126 1548 etiam
1151 1505 1210 1564 pu·
1263 1553 1264 1562 ,

215 1590 330 1650 gnassc
346 1589 437 1650 quam
452 1589 592 1648 corpore,
608 1591 670 1635 non
684 1574 772 1650 prius
788 1572 926 1634 distracti
940 1579 1015 1632 sunt
1026 1588 1122 1646 quarn
1134 1575 1209 1634 alte-

214 1676 282 1720 rum
303 1659 405 1722 anima
425 1657 620 1732 relinqueret
653 1657 703 1718 Ab
724 1657 786 1723 hoc
803 1657 920 1732 aliquot
933 1656 1035 1733 plagis
1048 1655 1207 1718 Eumenes

215 1745 392 1808 vulneratur
410 1757 512 1816 neque
526 1756 563 1802 eo
578 1743 676 1818 magis
692 1757 731 1802 ex
746 1741 864 1816 proelio
880 1741 1017 1801 excessit
1029 1740 1088 1802 sed
1102 1741 1209 1802 actim
1263 1783 1264 1806 r

94 1843 95 1853 ¹
186 1815 312 1894 ahos‘tis
333 1827 447 1888 institit.
483 1824 540 1886 Hic
561 1826 715 1902 equitibus
737 1824 925 1902 profligatis,
947 1825 1109 1886 interiecto
1128 1825 1210 1886 duce

216 1911 365 1984 Cratero,
377 1908 479 1970 multis
501 1916 662 1984 praeterea
676 1917 706 1970 et
719 1910 850 1970 maxime
865 1909 1019 1970 nobilibus
1035 1909 1139 1982 captis
1156 1925 1208 1983 pe-

157 2011 178 2042 t*
216 1997 320 2056 dester
340 1993 509 2066 exercitus,
531 1993 615 2068 quod
636 1994 667 2054 in
681 2010 719 2054 ca
735 1995 805 2054 locu
818 2001 884 2054 erat
898 1993 1049 2052 deductus
1063 2000 1100 2052 ut
1111 1993 1208 2052 invito
1263 2033 1264 2078 ,

215 2079 351 2142 Eumene
366 2076 446 2136 elabi
461 2093 522 2137 non
538 2083 655 2152 posset,
675 2093 783 2154 pacem
798 2077 837 2136 ab
853 2091 892 2136 eo
905 2075 989 2152 petit.
1023 2075 1121 2150 Quom
1138 2092 1208 2138 cum

215 2165 423 2238 impetrasset,
446 2162 476 2220 in
492 2160 553 2220 fide
568 2177 629 2221 non
648 2162 759 2222 mansit
773 2169 803 2222 et
817 2176 862 2234 se,
878 2159 968 2222 sirnul
983 2175 1020 2220 ac
1035 2160 1153 2234 potuit,
1169 2159 1209 2222 ad
1263 2167 1264 2226 l

188 2247 409 2322 canaparium
429 2245 554 2320 recepit.
589 2245 742 2307 Eumenes
762 2245 926 2318 Craterum,
944 2259 985 2304 eu
998 2244 1065 2306 acie
1082 2245 1207 2306 semivi-
1263 2249 1264 2252 ’

215 2348 288 2392 vum
304 2333 415 2392 elamm
430 2343 572 2390 recreare
586 2329 712 2390 studuit.
732 2329 806 2413 Cum
820 2329 852 2388 id
867 2345 928 2388 non
943 2335 1061 2402 posset,
1076 2343 1138 2403 pro
1152 2327 1207 2388 he

216 2415 306 2474 minis
323 2413 468 2486 dignitate
484 2428 605 2488 proque
620 2414 749 2488 pristina
764 2412 896 2478 arnieitia
906 2421 1053 2486 (ramoque
1064 2411 1117 2472 'dio
1128 2428 1208 2477 usus

216 2505 283 2556 crat
295 2495 473 2556 Alexandro
492 2495 563 2558 vivo
580 2497 779 2568 familiariter)
792 2497 894 2570 amplo
910 2497 1019 2556 lunme
1033 2494 1142 2556 extulit
1157 2512 1208 2556 os

217 2595 315 2656 saqrre
330 2579 360 2641 in
373 2578 586 2640 Macedoniam
601 2581 690 2641 uxori
706 2582 773 2640 cius
790 2596 826 2641 ao
841 2579 946 2640 liberis
960 2579 1085 2640 remisit.

174 2661 203 2722 V
297 2665 381 2724 Haec
403 2664 475 2724 dum
496 2664 579 2738 apud
600 2664 831 2740 Hellespontum
851 2669 1017 2738 geruntus,
1039 2661 1207 2724 Perdiccas

217 2749 301 2825 apud
318 2749 416 2808 Nilum
432 2745 547 2809 llumen
567 2747 748 2808 interficitur
761 2765 781 2808 a
795 2747 926 2808 Seleuco
943 2753 974 2806 et
986 2747 1145 2822 Antigono
1159 2763 1205 2808 re

120 2881 123 2890 .
215 2847 346 2908 rumque
362 2847 481 2894 summa
495 2832 535 2892 ad
545 2832 739 2908 Aratipatrum
755 2832 899 2892 defertur.
921 2831 978 2892 Hic
994 2831 1045 2906 qui
1058 2831 1206 2894 deseme-

214 2923 285 2978 rant
299 2916 435 2976 exercitu
449 2913 630 2990 suffragium
644 2917 761 2978 terente
776 2915 885 2994 capitis
900 2915 1045 2976 absentes
1057 2914 1207 2978 damrrau·

215 3008 272 3072 tur,
288 2998 319 3056 in
333 2997 381 3060 his
395 2997 559 3060 Eumenes.
584 2999 651 3060 Hac
667 3000 718 3060 illc
732 3002 895 3075 perculsus
911 3000 1003 3074 plaga
1017 3015 1080 3058 nou
1094 3015 1206 3060 succu-

214 3085 280 3146 buit
294 3096 396 3156 neque
411 3097 448 3157 eo
463 3083 567 3144 secius
581 3083 695 3144 bellum
709 3083 940 3146 administravit.
963 3081 1027 3145 Sed
1040 3081 1140 3144 exiles
1154 3097 1205 3142 res

215 3166 307 3228 animi
327 3166 566 3240 magnitudinem
586 3167 645 3226 etsi
666 3184 726 3228 non
749 3167 944 3242 frangebant,
967 3173 1068 3228 mmen
1087 3165 1205 3228 annue

186 3253 297 3313 ebant.
325 3249 416 3312 Hunc
431 3265 625 3326 persequens
638 3252 822 3330 Antigonus,
838 3266 908 3312 crrm
922 3250 1006 3311 omni
1020 3265 1136 3326 genere
1152 3266 1204 3312 eo·

214 3337 334 3410 piarum
355 3333 541 3408 abundaret,
563 3349 660 3412 saepe
679 3335 710 3396 iu
726 3335 887 3398 itineribus
907 3334 1078 3394 vexabatur
1100 3349 1207 3410 neque

211 3433 357 3494 umquam
384 3418 425 3478 ad
445 3433 568 3481 uranum
592 3419 744 3480 accedere
765 3419 878 3480 licebat
898 3418 959 3478 nisi
980 3417 1020 3478 its
1040 3417 1119 3482 locis
1135 3418 1205 3494 qui·

102 3531 105 3540 =
183 3501 271 3576 ebus
296 3501 388 3576 pauci
412 3501 515 3563 multis
539 3510 669 3578 possent
692 3503 849 3564 resistere.-
883 3499 947 3562 Sed
968 3505 1106 3564 extrem
1127 3507 1206 3564 tem·
1263 3479 1264 3524 ¹

1256 3643 1264 3736 l
