2556 3994
347 269 455 332 xvln.
474 269 710 340 EUMENES.
730 283 757 336 ὁ.
772 281 800 338 6.
1025 267 1069 337 60

70 437 168 502 pore,
190 437 260 484 cunr
278 421 408 484 consilio
423 423 493 499 capi
507 439 568 484 non
583 431 706 500 posset,
729 425 921 508 multitudine
936 427 1065 488 circum·

70 509 136 568 itus
157 514 217 568 est.
241 505 321 566 Hinc
342 512 442 566 amen
462 508 564 569 multis
586 508 652 568 suis
670 509 794 570 arnissis
810 523 845 570 sc
862 510 1022 585 expedivit
1034 518 1066 570 et

70 591 105 651 in
125 592 287 652 castellum
300 589 453 668 Pbrygiae
475 592 560 666 quod
573 592 656 653 Nora
670 595 842 668 appellatur
857 595 1002 669 coniugii.
1030 595 1095 654 lnl

73 691 140 751 quc
163 689 234 736 cum
254 675 531 736 circumsederetur
551 685 582 736 et
601 684 760 738 vereretur
780 693 819 738 ne
840 694 903 738 uno
917 680 987 740 loco
1002 695 1065 738 rna·

71 775 154 819 nens
173 774 276 834 equos
297 757 434 818 militaris
458 761 615 834 perderet,
639 761 723 835 quod
745 761 877 836 spatium
899 777 959 822 non
981 770 1067 824 esset

71 842 220 917 emundi,
233 842 376 902 callidum
387 843 522 904 luiterus
534 845 690 905 inventum
706 847 963 920 quemadmodum
978 854 1065 908 stans

71 927 243 988 iumentum
264 926 441 987 concalfieri
459 928 662 1002 exercerique
683 930 808 1004 posset,
837 945 899 1004 quo
920 930 1064 992 libentius

70 1017 104 1069 et
119 1009 191 1070 cibo
205 1015 341 1071 uteretur
352 1015 382 1070 et
393 1026 412 1069 a
424 1011 565 1086 corporis
576 1020 661 1073 motu
673 1027 734 1072 non
746 1019 963 1074 removeretur.
987 1013 1093 1078 Saoce

71 1093 245 1169 stringebat
268 1101 362 1168 caput
383 1095 450 1154 loro
474 1095 564 1156 altius
587 1111 678 1171 quam
700 1104 734 1156 ut
754 1095 908 1171 prioribus
932 1096 1064 1171 pedibus

71 1181 169 1254 plane
183 1185 294 1238 terram
309 1184 420 1252 posset
432 1179 590 1254 attingere,
603 1179 715 1240 deinde
730 1185 802 1255 post
814 1179 996 1240 verberibus
1012 1195 1064 1242 co·

70 1263 167 1337 gebat
181 1263 338 1322 exsultare
351 1267 383 1321 ct
397 1263 490 1322 calcis
504 1264 667 1324 remittere.
700 1263 757 1337 Qui
772 1272 872 1326 motus
887 1281 949 1326 non
964 1265 1064 1326 minus

70 1346 223 1406 sudorem
244 1345 417 1407 excutiebat
437 1363 529 1420 quarn
549 1348 575 1407 si
596 1347 625 1406 iu
643 1348 744 1422 spatio
764 1348 953 1409 decurreret.
999 1349 1094 1422 Quod

70 1431 189 1490 luctum
205 1430 353 1505 estquod
368 1429 510 1490 omnibus
525 1430 662 1490 mirabile
676 1438 725 1492 est
738 1431 848 1507 visum,
863 1439 897 1492 ut
910 1447 1009 1508 aeque
1021 1432 1064 1492 iu·

71 1520 178 1573 ruente
192 1511 288 1572 nitida
302 1529 342 1573 ex
356 1515 484 1573 casello
499 1514 659 1589 educeret,
682 1531 752 1576 cunr
766 1516 933 1592 cornpluris
948 1518 1064 1577 mensis

70 1597 103 1656 iu
125 1595 292 1659 obsidione
316 1597 437 1670 luisset,
461 1614 498 1658 ue
521 1599 547 1658 si
568 1599 599 1658 in
621 1599 846 1674 campestribus
868 1601 997 1660 celocis
1012 1601 1061 1660 lia
1086 1645 1090 1654 .

70 1681 205 1742 buissel.
238 1683 271 1740 ln
287 1680 345 1741 hac
357 1683 557 1743 conclusione
573 1684 842 1759 quotienscunque
856 1683 954 1744 voluit
967 1695 1092 1758 appa-7

6 1797 8 1806 ,
70 1772 175 1826 ratum
195 1771 227 1823 et
239 1765 424 1826 munitiones
439 1766 586 1841 Antigoni
601 1767 677 1827 alias
692 1766 828 1827 incendit
841 1766 917 1826 alias
934 1765 1063 1827 disiecit.

69 1849 182 1910 Tenuit
202 1857 304 1908 autem
325 1864 359 1909 se
374 1865 437 1910 uno
457 1851 527 1910 loco
544 1851 691 1926 quamdiu
705 1850 803 1927 hiems
820 1850 889 1924 luit,
912 1851 997 1925 quod
1013 1865 1063 1910 ca·

71 1941 138 1994 stra
158 1932 218 1992 sub
241 1933 292 1992 dio
318 1933 433 1993 habere
454 1949 515 1996 non
536 1941 665 2010 poterat.
702 1935 767 1993 Ver
787 1934 1063 2010 appropinquabat.
1163 1951 1166 1967 ·

71 2015 223 2078 'dirnulata
243 2016 414 2090 deditione,
437 2019 510 2079 dum
525 2015 564 2078 dc
580 2018 813 2080 condicionibus
829 2025 952 2094 tractat,
975 2033 1063 2094 prue-

71 2102 164 2160 lectis
189 2099 334 2176 Antigoni
356 2101 503 2177 imposuit
523 2117 621 2179 seque
642 2117 680 2162 oc
705 2119 781 2163 suos
807 2103 907 2164 omnis
933 2103 1065 2162 extraxit

68 2184 245 2255 laudunis.
587 2203 589 2210 ·

154 2267 206 2328 Ad
225 2267 308 2328 hunc
329 2267 503 2346 Olympias,
529 2275 626 2329 mater
652 2283 732 2344 quae
757 2270 856 2330 iuerat
875 2269 1105 2342 Alexanderl

70 2367 144 2412 cunr
172 2352 288 2412 litteras
318 2358 349 2411 et
378 2353 500 2412 nuntios
529 2353 667 2412 misisset
694 2353 724 2410 in
753 2352 860 2414 Asiam
889 2354 1062 2414 consultum

69 2444 173 2496 uuutm
188 2437 350 2509 repetitum
365 2435 394 2494 in
405 2434 618 2498 Macedoniam
629 2436 748 2496 veniret
758 2444 842 2512 (nam
853 2443 917 2498 tum
928 2437 958 2496 in
968 2436 1062 2512 Epiro

69 2519 244 2588 habitabat)
265 2525 295 2579 et
311 2535 365 2579 eas
380 2535 432 2580 res
446 2528 630 2596 occuparet,
654 2519 725 2580 huic
746 2521 798 2581 ille
818 2521 950 2597 primum
965 2522 1091 2582 surasite

69 2617 112 2662 ne
127 2617 164 2662 se
183 2610 321 2663 moveret
338 2609 370 2663 et
384 2611 594 2680 exspectaret,
618 2604 722 2680 quoad
735 2605 904 2665 Alexandri
919 2605 1000 2665 illius
1014 2618 1062 2663 re-

69 2699 168 2761 gnum
188 2687 428 2766 adipisceretum
463 2688 509 2748 sin
533 2689 637 2765 alique
659 2689 825 2763 cupiditate
849 2694 1010 2762 raperetur
1032 2687 1062 2747 in

69 2769 301 2843 Macedoniam,
326 2770 560 2832 oblivisceretur
582 2773 716 2834 ornoiu‘rn
730 2771 906 2831 iniuriarum
921 2777 952 2831 et
965 2771 994 2832 in
1010 2785 1063 2832 ue·

70 2854 186 2912 minem
201 2853 361 2914 acerbiore
375 2862 510 2916 uteretur
525 2857 665 2932 imperio.
696 2855 814 2917 Horum
828 2854 879 2914 illa
892 2853 966 2916 nihil
981 2856 1092 2920 recita

70 2936 149 2995 lium
164 2943 195 2996 et
207 2937 236 2995 in
252 2937 466 2999 Macedoniam
485 2941 624 3014 prolecta
639 2946 687 3000 ost
700 2944 731 2998 et
744 2939 786 2998 ibi
801 2937 1013 3000 crudelissime
1026 2955 1064 3000 se
1111 2965 1115 2973 ·

70 3021 179 3096 gessit.
207 3021 284 3081 Petit
303 3027 403 3082 autern
425 3023 464 3082 ab
477 3022 615 3083 Eumene
629 3023 757 3083 absente
771 3037 810 3081 ne
826 3029 982 3096 pateretur
994 3023 1062 3083 Plri-

10 3129 12 3136 >
70 3105 150 3179 lippi
164 3106 275 3166 domus
291 3121 328 3164 ac
344 3105 475 3166 lumiliae
490 3107 718 3168 inimicissimos
733 3107 861 3182 stirpem
877 3121 1002 3182 quoque
1017 3107 1063 3165 in-

70 3188 215 3250 terimere
230 3191 385 3264 terretque
399 3205 491 3266 opem
506 3190 611 3251 liberis
625 3190 811 3260 Alexandria
835 3206 928 3266 quum
942 3190 1092 3250 veniuml

71 3271 99 3331 sl
114 3272 217 3347 daret,
238 3287 331 3347 quarn
353 3274 484 3348 primurn
503 3275 659 3334 exereitus
680 3282 805 3349 peruret
821 3291 901 3351 quos
916 3273 974 3334 sibl
990 3275 1062 3335 sub-

70 3355 152 3415 sidio
167 3356 352 3426 adducerem
374 3358 406 3418 id
422 3373 483 3433 quo
498 3357 619 3418 lucilius
631 3360 755 3434 laceret,
771 3373 807 3419 se
819 3359 960 3420 omnibus
973 3372 1062 3433 prac-

71 3439 171 3514 leotis‚
187 3439 241 3516 qui
256 3440 288 3499 in
303 3441 409 3504 oldcio
424 3441 597 3516 manebant,
612 3442 738 3502 misisse
751 3441 866 3512 litteras
881 3447 916 3502 ut
929 3441 957 3500 ei
971 3453 1061 3516 pare-

70 3529 140 3582 rent
154 3522 285 3596 eiusque
301 3524 438 3586 considis
453 3532 620 3587 uterentur.
644 3526 701 3586 llis
713 3527 809 3588 rebus
822 3523 978 3588 Eumenes
991 3523 1093 3602 per-d
