2534 4010
327 237 834 353 viranornranusna
1020 291 1060 356 ar
1167 259 1171 268 ’

68 435 155 503 aare
177 441 321 511 neamus
343 439 423 500 maio
447 439 545 502 mssa
561 439 684 502 nurum
699 441 875 518 opmmem
889 424 1003 517 umen
1017 449 1061 502 aa

70 533 132 594 que
148 519 279 582 tirtutis.
300 521 473 583 timebatur
486 522 566 583 enim
580 539 641 586 non
653 525 753 585 minus
765 541 858 601 quam
870 525 1060 600 diligebatur,

69 619 109 662 ne
124 605 269 666 secunda
289 605 411 666 lomuna
430 606 613 683 magnisque
627 607 739 683 opibus
754 610 854 670 elatus
867 609 1061 684 tyrannidem

70 688 321 764 concupisceret
349 689 465 763 Quibus
487 690 581 750 rebus
603 692 718 774 iactum
738 699 799 765 est,
816 698 849 754 ut
862 693 983 754 absenti
998 709 1061 754 ma·

68 773 234 846 gistratum
249 772 434 847 abrogarent
450 780 481 834 et
493 774 584 834 aliurn
599 774 629 834 in
641 775 708 836 eius
720 777 822 836 locunt
833 777 1061 846 substituerent

68 855 105 914 ld
119 855 174 914 ille
188 862 222 916 ut
235 856 359 930 audiuit,
374 857 498 918 domum
512 859 623 918 reverti
637 859 734 920 noluit
747 867 778 920 et
791 875 827 919 se
838 859 974 938 Pactyen
986 865 1090 922 con-t

68 939 140 1000 ttulit
160 937 267 1013 ibique
287 940 344 1000 tria
365 943 491 1001 castella
510 942 700 1017 communiit,
725 943 863 1018 Bornos,
884 944 1061 1019 Bisanthen,

69 1021 271 1093 Neoutichos,
287 1039 443 1098 manuque
456 1027 585 1086 collecta
598 1026 718 1100 primus
734 1027 870 1088 Graecae
885 1026 1014 1090 evitatis
1030 1029 1061 1088 in

69 1105 234 1166 Threciam
254 1105 368 1169 introiit
383 1107 548 1182 gloriosius
564 1109 744 1171 existimans
757 1110 958 1172 barbarorum
973 1127 1060 1186 prae

70 1191 113 1250 da
133 1191 315 1264 locupletent
336 1207 427 1266 quam
448 1192 618 1254 Graiorum.
650 1193 717 1267 Qua
737 1209 777 1254 ex
791 1209 827 1256 re
841 1201 980 1256 creverat
994 1205 1090 1259 cuma

71 1275 157 1336 laura
176 1281 240 1336 tum
255 1273 366 1350 opibus
382 1291 586 1352 magnamque
601 1277 762 1338 amicitiam
776 1277 835 1338 sibi
850 1293 920 1340 cun
935 1279 1061 1354 quibus-

70 1359 145 1418 dam
160 1359 285 1434 regibus
299 1359 445 1422 Threciae
460 1367 633 1436 pepererat.

157 1443 266 1518 Neque
294 1451 394 1506 tamen
417 1445 582 1506 ecaritate
607 1445 723 1519 patriae
747 1446 845 1522 potuit
867 1446 1102 1508 recederavlll

72 1529 149 1588 Nam
174 1543 245 1588 oum
264 1529 347 1603 apud
368 1529 473 1603 Aegos
496 1527 608 1589 flumen
628 1529 796 1606 Philocles,
823 1535 947 1606 praetor
966 1530 1060 1592 Athe·

72 1611 236 1685 niensium,
250 1613 383 1672 classem
398 1613 610 1674 constituisset
623 1629 711 1674 suam
722 1629 824 1691 neque
836 1615 928 1688 longe
937 1613 1062 1676 abesset

72 1696 251 1774 Lysander,
273 1703 396 1771 praetor
409 1695 738 1781 Lacedaemoniorum,
762 1698 814 1774 qui
829 1698 860 1756 in
874 1713 912 1758 eo
928 1704 994 1758 erat
1008 1713 1060 1758 oo-

73 1785 207 1854 cupatus
223 1787 254 1838 ut
268 1779 381 1840 bellum
403 1797 496 1854 quma
518 1780 690 1840 diutissime
711 1781 852 1854 duceret,
876 1780 961 1855 quod
982 1779 1060 1856 ipsis

74 1863 207 1938 pecunie
222 1877 328 1937 araga
343 1863 614 1938 suppeditabatur,
631 1871 738 1924 contm
752 1863 991 1924 Atheniensibus
1006 1879 1059 1924 ex·

73 1947 193 2008 haustis
207 1954 330 2022 praeter
345 1963 429 2008 arnna
443 1954 473 2007 et
487 1947 574 2007 navis
591 1946 663 2008 nihil
678 1953 744 2008 erat
757 1963 868 2022 super,
882 1947 1059 2010 Alcibiades
1071 1955 1088 2008 a

72 2033 113 2091 ad
134 2032 303 2092 exercitum
324 2031 405 2092 vettii
418 2031 652 2092 Atheniensium
669 2031 774 2106 ibique
786 2037 952 2108 praesente
967 2033 1059 2106 nugo

72 2129 167 2190 agere
176 2127 180 2134 '
189 2111 301 2190 coepit.
324 2114 357 2176 Si
370 2117 499 2194 vehent,
521 2129 556 2174 se
570 2121 748 2176 coacturum
761 2116 956 2193 Lysandrmn
973 2115 1060 2176 dimi-

74 2213 145 2258 care
160 2204 214 2262 aul
228 2211 336 2275 pacem
351 2206 457 2273 petere
473 2199 623 2273 spondet;
646 2199 908 2260 Lacedaemonios
924 2214 961 2259 eo
979 2200 1060 2258 nolle

50 2305 54 2312 ·
74 2283 177 2343 classe
191 2281 367 2358 confligere,
384 2283 468 2356 quod
483 2281 681 2356 pedestribus
696 2281 795 2357 copiis
811 2283 881 2357 plus
898 2297 989 2356 quam
1005 2297 1058 2341 na-

75 2366 164 2428 vibus
190 2367 341 2435 valerent;
364 2365 423 2426 sibi
443 2373 544 2426 autem
566 2381 638 2426 csse
658 2365 748 2425 facile
769 2364 928 2438 Seuthem,
955 2375 1087 2439 regeme

73 2449 236 2522 Threcum,
248 2450 411 2523 deducere,
426 2455 459 2510 ut
473 2465 541 2509 euna
555 2456 637 2510 terra
648 2447 824 2524 depelleret,
840 2465 901 2524 quo
914 2449 993 2510 iacto
1006 2464 1058 2508 ne·

74 2531 213 2594 cessario
235 2540 287 2594 aut
307 2535 409 2594 classe
426 2532 653 2607 conflicturum,
677 2538 729 2592 aut
742 2532 856 2594 bellum
871 2533 1058 2607 compositu·

74 2633 151 2678 rum.
173 2617 208 2676 ld
223 2616 281 2678 etsi
296 2632 369 2677 rere
383 2616 497 2678 dietum
509 2616 661 2677 Philocles
675 2615 944 2688 animadvertebat,
959 2622 1059 2676 tantan
1071 2624 1088 2677 t

75 2702 231 2775 postulata
252 2699 354 2760 iacere
373 2701 483 2774 noluit,
506 2701 591 2775 quod
613 2699 764 2760 sentiebat
785 2715 820 2759 se
833 2697 994 2760 Alcibiade
1002 2714 1059 2766 ‚re—

74 2792 165 2860 cepto
181 2784 294 2846 nullius
308 2784 452 2845 momenti
467 2782 551 2858 apud
566 2783 731 2844 exercitum
749 2783 883 2844 futurum
897 2785 928 2840 et
940 2781 967 2840 si
984 2770 1059 2856 qum

74 2867 203 2930 secundi
228 2868 398 2939 evenisset,
422 2868 535 2928 nullam
557 2867 588 2927 in
611 2879 649 2928 ea
669 2881 703 2926 re
728 2881 816 2942 suani
840 2870 956 2940 partem
982 2865 1057 2936 lore,

74 2957 181 3014 conba
193 2963 241 3024 aa,
258 2951 373 3027 siquid
387 2952 510 3012 adversi
525 2949 696 3020 occidisset,
717 2965 752 3010 se
766 2964 861 3010 unum
876 2948 942 3008 eius
957 2948 1059 3008 delicti

75 3035 207 3096 loturum
227 3047 322 3096 reum.
349 3034 398 3096 Ab
413 3035 473 3098 hoc
487 3033 651 3095 discedens
666 3033 843 3094 Alcibiades
859 3031 1002 3104 moniam
1012 3032 1086 3096 inb

74 3120 139 3194 quit
154 3121 295 3181 uicem
305 3123 429 3195 podiae
443 3135 611 3194 repugnas,
627 3117 705 3178 iilud
720 3133 835 3190 meam,
853 3119 939 3178 iaxta
949 3116 1059 3176 boetem

73 3203 305 3265 cmba'babeas
325 3206 464 3273 caudeo,-
486 3203 866 3278 mendacissimorum
877 3200 1058 3260 immodestia

74 3289 197 3348 mutam
213 3294 374 3354 restaurant
384 3288 500 3348 moseo
510 3287 597 3346 detra
607 3284 764 3358 Lysandro
774 3287 864 3345 uesci
871 3282 1060 3358 opprimendi

73 3373 231 3432 exesam.
251 3369 358 3444 Neque
371 3383 411 3430 ea
422 3384 473 3430 res
486 3369 571 3428 illum
586 3367 700 3430 teleliit.
722 3367 797 3426 Nam
811 3364 974 3442 Lysander
988 3371 1086 3428 eumd

75 3468 129 3528 per
152 3453 367 3529 speculatores
393 3451 596 3528 comperisset
624 3450 748 3523 vulgum
768 3445 1001 3512 Amaniensium
1025 3447 1072 3508 in-

74 3543 188 3600 terrant
199 3537 384 3612 praedatum
399 3536 504 3604 exisse
520 3533 673 3608 navisque
694 3548 795 3608 paene
810 3531 910 3595 inanis
923 3531 1055 3603 relictas,
