2556 3994
383 233 449 296 XXt
469 231 720 296 attentanti.
742 241 851 299 ΒΗ
1070 233 1113 303 ii

109 385 242 462 mbas
266 385 360 448 rabns
380 385 431 446 illa
451 385 531 447 adan
548 391 601 446 est
628 389 799 450 mumolus
823 389 856 446 ut
883 397 1146 462 nannumamma

114 471 206 530 vitae
221 469 314 529 finam
329 471 432 546 lacera
445 470 577 532 voluerit
592 477 739 546 atquem
754 469 942 544 ingratorum
955 469 1112 532 huminum

113 561 296 629 consancta
308 555 582 614 mnrtadecaderc.
931 624 938 635 ‚

133 643 136 650 '
196 637 320 697 interim
333 638 431 698 Dione
446 637 612 716 Syracusis
634 637 793 700 interiecto
815 635 985 711 Dionysius
1006 653 1113 704 rursus
1128 643 1156 702 ll

115 721 350 798 Syracusarum
365 722 482 797 potitus
495 728 554 782 est.
573 721 664 782 Galus
680 719 852 780 adversarii
866 735 958 796 apem
971 735 991 778 a
1006 719 1112 783 Corin-

115 805 196 867 tltiis
210 805 362 880 petieramt
380 806 554 880 ducemque
568 821 631 881 qna
653 806 683 866 in
703 803 787 864 bella
806 805 1113 879 uterenturpnstula·

114 897 203 950 runt.
221 888 288 948 ldae
300 889 459 950 Timoleon
466 891 580 950 missua
592 886 762 951 incredibili
774 886 917 948 felicitate
928 889 1113 967 Dionysium

116 980 189 1033 tota
202 972 308 1034 Sicilia
321 974 449 1049 capuit.
466 974 542 1034 *cun
557 972 728 1034 interfluere
744 978 861 1047 posset,
876 971 973 1032 noluit
983 979 1141 1048 tutoquea

117 1065 154 1116 ut
170 1055 347 1116 mnndum
362 1058 537 1132 perveniret
549 1057 661 1127 effecit,
684 1055 767 1130 qnod
784 1061 981 1130 utrorumque
994 1057 1111 1132 Diony·

118 1141 239 1201 siomm
254 1140 365 1216 opibus
382 1141 526 1202 Corinthii
547 1157 643 1216 saepe
658 1141 751 1202 adiuti
767 1141 899 1214 lucrant,
925 1139 1012 1200 euius
1026 1140 1111 1200 beni·

118 1224 245 1300 gnitatis
270 1225 447 1284 memoriam
472 1223 596 1285 volebat
615 1232 750 1298 exstare,
772 1238 903 1297 eamque
923 1225 1111 1298 praeclaram

119 1308 284 1369 victoriam
308 1309 441 1371 ducebat
465 1309 496 1368 in
519 1323 581 1384 qua
603 1309 674 1384 plus
700 1314 785 1367 esset
812 1307 992 1368 clementiae
1018 1323 1111 1384 quam

120 1387 482 1463 andentaismcsnamn
492 1400 593 1454 utnon
601 1391 701 1452 solnm
714 1389 840 1451 auribus
851 1391 1043 1466 acciperetur
1053 1391 1111 1454 sed

119 1477 216 1539 mam
229 1477 329 1536 oculis
341 1483 518 1537 cerneretur
531 1491 622 1550 quem
636 1482 667 1536 et
680 1491 720 1536 ex
731 1481 846 1550 quanto
858 1490 954 1550 regno
966 1477 1007 1536 ad
1019 1491 1110 1552 quam

122 1561 275 1620 romanam
296 1559 467 1622 detulisset
494 1560 568 1620 Post
587 1557 730 1638 Dionysii
744 1558 909 1618 decessum
923 1575 992 1619 cum
1004 1561 1141 1642 Hicetas

120 1645 262 1718 bellavit,
284 1645 336 1716 qui
357 1645 540 1706 adversatus
561 1649 627 1704 erat
647 1643 809 1722 Dionysio.
843 1642 939 1715 Quem
959 1658 1020 1702 non
1036 1644 1109 1708 adia

120 1727 296 1806 tyrannidis
318 1728 507 1790 dissensisse
528 1729 586 1788 scd
614 1728 781 1802 ciuptdinnc
806 1725 920 1786 indicio
942 1725 997 1786 luit
1025 1728 1110 1802 quod

122 1811 192 1888 lpse
210 1811 343 1887 expulso
364 1813 516 1892 Dionysio
541 1812 701 1888 imperium
721 1810 871 1870 diuinae
896 1810 1002 1882 naluit
1044 1811 1138 1878 Hora

111 1903 268 1972 superato
275 1895 432 1956 Timoleon
443 1896 593 1958 maximas
608 1892 1015 1972 copiascarthaginiensium
1026 1895 1110 1970 apud

7 2063 8 2066 Ἴ
121 1981 292 2040 Crinissum
306 1977 418 2041 ilunren
435 1979 551 2055 fugavit
571 1995 608 2040 aa
624 1981 699 2042 satis
713 1979 829 2041 habere
850 1981 950 2055 coegit
964 1978 991 2041 si
1006 1979 1111 2044 liceret

121 2065 259 2123 Atticam
273 2062 410 2124 obtinere
425 2065 477 2139 arri
497 2065 558 2124 iam
571 2065 740 2140 compluris
760 2080 860 2124 annos
875 2066 1109 2138 passessionem

120 2146 245 2208 Siciliae
257 2149 410 2208 tenebant.
432 2149 519 2223 cepit
529 2148 620 2208 etiarn
630 2149 826 2220 Mamercum,
840 2147 979 2209 italicum
990 2147 1108 2222 dacem,

123 2231 275 2292 namnam
289 2231 470 2293 bellicosum
482 2239 512 2292 et
523 2238 690 2306 potentem,
704 2231 757 2305 qui
767 2236 917 2306 tyrannus
928 2231 1063 2292 adiutum
1076 2232 1108 2291 in

122 2315 258 2377 Siciliam
271 2323 406 2376 venerat.

136 2456 142 2468 ‚
205 2399 322 2474 Quibus
343 2399 436 2460 rebus
462 2399 611 2460 coniectis
636 2413 706 2460 cum
726 2403 853 2474 propter
871 2397 1096 2460 diuturnitatem
1112 2399 1150 2458 lll

122 2483 192 2544 beili
206 2499 269 2544 nnn
283 2485 383 2544 salian
397 2483 540 2558 regiones
555 2484 612 2544 sad
627 2483 718 2544 etiam
732 2481 817 2542 rubis
828 2481 967 2542 desertas
980 2482 1107 2554 uiderat,

7 2599 8 2640 y
122 2567 309 2644 conquisivit
329 2582 408 2642 quos
424 2569 536 2644 potuit,
558 2567 688 2644 primum
704 2565 841 2640 Siculos,
871 2567 941 2624 dein
963 2565 1107 2626 Cariatha

7 2645 8 2666 ¹
85 2681 88 2685 .
122 2651 283 2712 arcessiuit
304 2652 448 2722 cunnos,
479 2653 565 2726 quud
589 2651 628 2712 ab
655 2650 703 2712 his
722 2650 807 2710 initia
827 2649 1004 2726 Syracusae
1023 2657 1108 2708 erant

123 2736 273 2797 candiae.
308 2735 432 2796 ciuibus
447 2736 602 2796 veteribus
618 2752 676 2798 sua
689 2733 832 2805 restituit,
852 2732 943 2792 navis
957 2731 1038 2792 bello
1053 2739 1136 2792 vat-l

122 2821 278 2880 eminatas
300 2819 521 2895 possessiones
543 2821 657 2894 divisit.
690 2817 818 2880 Urbium
835 2816 958 2876 muenia
979 2815 1107 2878 disiecta

123 2905 258 2980 lanaque
277 2905 404 2964 deserta
427 2904 542 2964 reiecit
575 2901 754 2964 Civitatibus
775 2901 859 2976 legas
878 2899 1106 2976 libertatemque

123 2988 263 3051 reddidit
282 2987 330 3048 Ex
345 2987 477 3048 maximo
489 2988 569 3050 bello
581 2994 696 3048 tantum
707 2986 801 3048 otium
812 2993 892 3046 tutae
903 2985 1021 3046 insulae
1033 3001 1106 3046 aan-

125 3071 236 3132 cliravit
254 3077 287 3132 nt
308 3072 358 3132 hic
376 3071 519 3133 conditor
536 3071 655 3133 rubium
675 3085 787 3142 aarum,
808 3084 870 3130 nnn
890 3069 934 3128 illi
955 3069 1006 3144 qai
1021 3069 1105 3130 initio

7 3159 8 3162 ’
120 3156 322 3230 deduxerant,
339 3157 503 3216 videretur.
536 3159 649 3216 Arcem
660 3153 836 3232 Syracusis,
853 3169 945 3228 quam
957 3151 1135 3216 muniaral3
1217 3205 1219 3218 .

125 3239 290 3322 Dionysius
305 3241 347 3300 sd
361 3239 469 3300 urbem
483 3239 701 3312 obsidendam,
722 3255 741 3298 a
755 3236 959 3299 fundamentis
974 3235 1105 3311 disiecit,

122 3331 224 3384 cetera
242 3323 413 3402 tyrannidis
434 3322 665 3400 propugnacula
692 3322 855 3384 demolitus
884 3326 932 3380 ast
958 3319 1105 3395 deditque

126 3421 248 3484 operam
268 3414 303 3468 nt
320 3423 412 3484 queam
431 3407 555 3468 minime
573 3407 667 3469 multa
687 3407 817 3481 vestigia
831 3403 986 3466 servitutis
1000 3417 1101 3466 mane·

126 3498 197 3552 tent.
231 3491 309 3553 caat
326 3491 416 3552 tanus
437 3499 522 3552 asset
543 3492 654 3568 opibus
675 3498 709 3552 ut
727 3489 818 3552 edmn
837 3487 939 3548 invitis
953 3488 1132 3563 imperaret
