2556 3994
201 271 244 337 aa
437 271 966 352 xvrt.nous1unus.‚a.ar.

203 442 265 487 uua
286 441 391 500 pugna
413 425 521 486 decem
542 424 624 484 milia
645 423 777 483 hostium
793 425 940 498 Agesilao
965 426 1043 484 duce
1061 427 1203 486 cecidis.

203 515 273 570 sent
293 523 395 584 eoque
409 509 490 569 iacto
506 523 583 584 opes
599 507 847 567 adversariorum
862 508 1036 568 debilitatae
1051 509 1200 570 videren-

203 597 260 665 t'ur,
275 599 392 653 tantum
406 591 481 652 aluit
496 592 534 651 ab
548 591 710 651 insolentia
725 592 841 665 gloriae
854 598 888 652 ut
903 592 1139 653 commiseratus
1155 594 1201 654 sit

203 678 356 738 fortunam
372 676 527 749 Graeciae,
551 676 636 750 quod
651 683 711 734 tam
727 675 811 736 multi
826 691 845 734 a
859 690 894 734 se
907 676 978 736 victi
993 675 1066 736 vitio
1081 675 1197 736 adver-

203 761 356 821 sariorum
379 758 597 819 concidissent.
624 757 763 834 Namque
777 759 828 818 illa
843 759 1049 832 multitudine,
1072 759 1099 819 si
1115 775 1199 820 sana

202 859 289 904 inens
313 850 397 903 esset
413 843 574 915 Graeciae,
599 841 784 918 supplicium
806 841 918 902 Persas
941 843 1016 902 dare
1037 844 1195 918 potuisse.

174 927 286 992 aldem
301 941 371 987 oum
386 926 581 986 adversanos
597 925 676 986 intra
689 927 812 985 nroenia
825 927 1027 1000 compulisset
1041 933 1072 986 et
1086 935 1120 986 ut
1135 929 1193 988 tio-

202 1011 335 1070 rinthunr
361 1018 555 1085 oppugnaret
575 1009 659 1070 multi
681 1008 889 1084 hortarentur,
915 1009 1039 1084 regom
1059 1011 1091 1070 id
1114 1026 1195 1071 suae

202 1095 303 1155 virtuti
318 1095 492 1154 convenire.
517 1091 557 1153 Se
573 1085 738 1152 enimcum
754 1109 826 1152 esse
842 1094 918 1153 dixit
933 1094 985 1168 qui
1001 1093 1040 1152 ad
1056 1094 1193 1154 officium

204 1178 360 1252 peccantis
381 1178 483 1236 redire
503 1183 643 1251 cogeret,
665 1178 797 1252 nonqui
811 1177 898 1236 urbis
912 1177 1121 1236 nobilissimas
1138 1194 1192 1236 ex·

173 1267 191 1320 4
202 1267 354 1338 pugnaret
369 1259 524 1320 Graeciae.
555 1261 633 1319 Num
652 1263 681 1320 st·
698 1261 796 1335 inquit
816 1277 865 1322 eos
884 1264 1073 1335 exstinquere
1094 1265 1195 1322 volae-

201 1349 295 1406 rimata
308 1345 520 1420 quicelmum
535 1344 682 1404 adversus
696 1345 840 1406 bardores
850 1351 997 1416 crearunt,
1013 1353 1124 1405 nosmet
1134 1348 1196 1420 apsi

201 1445 255 1489 nos
274 1429 543 1504 expttprtueert‘mus
563 1429 622 1488 t'llts
635 1429 855 1503 occaecantibus.
883 1428 946 1500 Quo
956 1429 1041 1500 facto
1055 1431 1119 1489 sine
1134 1445 1193 1489 rte-

199 1516 286 1588 porto,
301 1528 369 1572 cam
382 1514 534 1584 valeant,
549 1515 790 1587 noscpprtmeat.

160 1597 202 1657 VI
284 1596 406 1655 Interim
425 1594 536 1656 accidit
555 1593 606 1654 illa
620 1596 776 1668 calamitas
791 1594 877 1670 apud
891 1595 1021 1654 Leuctra
1034 1573 1191 1655 Lacedae

201 1681 322 1741 moniis
355 1679 422 1754 Quo
446 1694 485 1737 ne
500 1677 764 1752 proficisceretur,
786 1694 856 1738 cum
872 1693 891 1737 a
905 1679 1064 1754 plerisque
1079 1679 1120 1738 ad
1136 1693 1190 1737 ex·

93 1777 103 1794 ¹
201 1765 336 1825 eundum
351 1770 550 1846 premeretur,
564 1767 598 1822 ut
612 1761 639 1822 si
653 1762 692 1821 de
707 1763 792 1822 exitu
806 1762 965 1836 divinaret,
982 1763 1068 1822 exire
1082 1764 1191 1822 noluit

200 1849 300 1922 ldem,
323 1863 393 1907 cum
412 1835 642 1922 Epaminondas
665 1844 807 1922 Spartam
829 1853 1023 1920 oppugnaret
1042 1854 1193 1922 essetque

202 1933 268 1992 sinc
282 1931 376 1992 muris
393 1930 550 2007 oppidum,
565 1931 655 1990 talem
671 1945 706 1989 se
720 1930 935 2026 imperatorem
952 1929 1092 2003 praebuit
1107 1938 1140 1990 ut
1152 1945 1191 1990 eo

201 2023 340 2089 tempore
363 2013 504 2074 omnibus
527 2014 718 2088 apparuerit,
745 2014 804 2073 nisi
826 2013 877 2072 ille
898 2013 1023 2085 luisset,
1046 2012 1191 2088 Spartam

172 2100 333 2160 afuturam
358 2115 418 2158 non
442 2097 549 2157 luisse.
585 2097 617 2155 ln
637 2113 699 2193 quo
716 2097 840 2172 quidem
856 2097 1032 2157 discrimine
1047 2098 1191 2158 celeritas

131 2239 137 2248 ,
201 2185 268 2244 eius
291 2182 409 2244 consilii
428 2182 518 2240 saluti
534 2181 589 2242 luit
602 2182 766 2241 universis
798 2180 874 2240 Nam
890 2197 958 2240 cum
975 2171 1098 2256 quidam
1113 2182 1191 2242 adu-

201 2267 360 2328 lescentuli
381 2266 515 2326 hostium
535 2266 669 2325 adventu
690 2264 840 2339 perterriti
855 2265 895 2323 ad
909 2265 1073 2325 Thebanos
1088 2272 1191 2325 trans·

200 2352 307 2424 lugere
331 2351 444 2410 vellent
469 2357 499 2408 et
523 2350 624 2408 locum
649 2357 735 2409 extra
759 2347 866 2408 urbem
887 2349 1000 2408 editum
1021 2350 1190 2424 cepissent,

199 2434 375 2507 Agesilaus,
392 2433 445 2507 qui
461 2433 726 2505 perniocissimum
742 2433 809 2492 iore
824 2431 941 2492 videret
955 2433 980 2492 si
996 2433 1191 2492 animadver-

201 2533 271 2581 sum
293 2523 378 2576 esset
398 2531 584 2591 quemquam
598 2518 638 2576 ad
652 2516 750 2577 hostis
765 2515 959 2590 transfugere
975 2518 1095 2590 conari,
1117 2531 1192 2578 curu

201 2601 266 2663 suis
289 2615 326 2660 eo
341 2600 424 2660 uenit
439 2606 546 2674 atque,
565 2607 598 2660 ut
612 2601 639 2661 si
654 2601 736 2661 bono
753 2600 854 2659 animo
869 2599 1030 2672 iecissent,
1052 2599 1192 2661 laudavit

200 2685 361 2747 consilium
384 2699 491 2744 eorum
514 2685 598 2758 quod
614 2699 683 2744 eum
698 2685 800 2746 locum
815 2692 1038 2758 occupassent,
1061 2690 1142 2744 etse
1157 2685 1190 2744 id

172 2769 326 2846 equoque
349 2769 414 2828 fleri
438 2765 551 2827 debere
573 2768 836 2828 animaduertisse.
870 2765 921 2828 Sic
936 2768 1188 2829 adulescentulos

201 2854 342 2914 simulata
362 2852 537 2912 laudatione
558 2852 753 2926 recuperavit
773 2857 804 2910 ct
825 2849 976 2912 adiunctis
999 2851 1038 2911 dc
1053 2852 1118 2912 suis
1136 2867 1188 2914 co·

199 2937 323 2996 mitibus
344 2936 445 2996 locum
466 2941 563 2994 tulum
584 2937 714 3010 reliquit.
747 2936 884 3010 Namque
905 2935 947 2994 illi
965 2935 1045 2995 aucti
1059 2951 1188 2996 numero
1259 2999 1260 3009 ¹

201 3035 308 3080 eorum
324 3018 376 3092 qui
390 3025 534 3093 expertes
550 3025 637 3079 erant
650 3019 770 3079 consilii
785 3031 978 3078 commovere
994 3034 1029 3078 se
1041 3035 1104 3080 non
1116 3029 1189 3080 suut

200 3104 269 3164 ausi
290 3117 390 3176 eoque
411 3101 569 3178 libentius,
593 3103 677 3178 quod
692 3105 786 3163 latere
800 3101 1024 3168 arbitrabantur
1039 3117 1119 3177 quae
1135 3119 1187 3164 co·
1258 3093 1259 3111 ¹

199 3190 378 3263 gilaverant
1257 3177 1258 3213 ¹

157 3273 214 3332 Vll
299 3269 371 3331 Sine
393 3269 486 3330 dubio
508 3275 579 3344 post
593 3270 781 3330 Leuctricam
803 3285 937 3344 pugnam
950 3267 1186 3330 Lacedaemona
1256 3277 1257 3313 l

200 3371 236 3416 se
250 3369 417 3429 numquam
431 3354 605 3413 reiecerunt
622 3369 723 3428 neque
745 3352 906 3428 pristinum
922 3344 1082 3427 imperium
1096 3369 1186 3414 recu·
1255 3361 1256 3417 l

200 3443 361 3513 perurunt,
384 3452 453 3497 cum
474 3436 592 3495 interim
606 3437 771 3532 Agesilaus
789 3451 850 3495 non
868 3437 982 3497 destitit
997 3436 1186 3511 quibuscun-
1254 3475 1255 3517 ,

171 3527 261 3595 aque
281 3520 374 3580 rebus
397 3527 507 3596 posset
526 3520 656 3594 patriam
677 3519 791 3584 iuvare.
828 3519 903 3580 Num
925 3535 994 3580 cum
1016 3521 1185 3595 praecipue
1253 3551 1254 3621 q
