2556 3994
336 285 417 360 xvi.
441 296 728 362 ncusrcnus.
750 307 818 365 aa.
1031 295 1075 366 att

76 451 318 514 Lacedaemonii
333 451 504 527 indigerent
518 453 661 528 pecunia,
676 451 727 513 ille
742 453 883 514 omnibus
900 455 952 530 qui
968 471 986 515 a
999 469 1075 532 rege

77 538 261 598 defecerant
275 535 432 611 praesidio
448 537 511 596 luit.
534 539 562 598 A
579 537 691 613 quibus
705 553 817 613 magna
831 537 963 599 donatus
980 553 1073 616 pecu-

79 622 132 680 nia
154 621 285 696 patriam
307 619 488 681 sublevavit.
525 623 628 698 Atque
652 622 682 680 in
697 621 758 682 hoc
773 622 847 682 illud
863 621 1001 698 inprimis
1017 623 1103 686 faita

79 703 270 780 admirabile,
286 705 503 765 cummaxime
514 721 643 767 munera
654 705 682 765 ei
693 706 732 766 ab
744 705 869 780 regibus
882 720 919 766 ac
931 707 1073 786 dynastis

79 788 319 864 civitatibusque
341 789 568 864 conferrentur,
592 790 677 865 quod
696 789 770 848 nihil
785 806 930 865 umquam
948 793 1073 853 domum

80 888 171 933 suam
194 872 333 946 contulit,
356 871 430 931 nihil
452 874 492 933 de
514 873 611 949 victu,
634 872 708 932 nihii
729 874 769 933 de
790 874 902 934 vestitu
916 875 1074 938 Laconum

79 956 220 1016 mutavit.
252 957 350 1016 Domo
378 956 487 1016 eadem
508 957 564 1017 fuit
585 963 747 1018 contentus
769 974 832 1032 qua
850 957 1103 1034 Eurysthenes,t

77 1041 262 1116 progenitor
281 1039 431 1100 maiorum
452 1057 595 1116 suorum,
618 1043 717 1102 iuerat
730 1057 818 1102 mas.
849 1041 946 1116 Quam
962 1044 1014 1118 qui
1028 1044 1073 1103 in·
1102 1105 1108 1124 ,

77 1131 175 1184 tranat
189 1124 306 1184 nullum
321 1123 442 1197 signum
456 1123 599 1200 libidinis,
615 1123 885 1186 nullnmluxuriae
899 1126 1006 1186 videre
1016 1143 1073 1203 po·
1096 1194 1099 1199 ,

78 1215 166 1284 terat,
183 1215 291 1268 contra
304 1221 342 1266 ea
358 1207 487 1281 plurima
501 1209 666 1284 patientiae
681 1215 773 1284 atque
786 1209 998 1270 abstinentiae.
1021 1210 1073 1272 Sic

78 1293 161 1351 enirn
183 1291 332 1351 instructa
351 1295 385 1351 ut
405 1292 435 1350 in
454 1294 538 1352 nulia
557 1307 591 1352 re
607 1291 744 1353 differret
758 1292 895 1354 cuiusvis
911 1293 1013 1370 inopis
1029 1301 1073 1354 at-

79 1391 142 1451 que
156 1375 278 1452 privati.

160 1461 265 1535 Atque
277 1457 328 1518 lnic
344 1465 444 1519 tantus
456 1459 503 1518 uir
518 1467 550 1520 ut
564 1465 703 1519 naturam
716 1459 1114 1527 fautricem-habuerutvlll

46 1538 50 1554 ¹
78 1543 108 1603 ln
130 1543 303 1604 tribuendis
324 1543 415 1602 animi
430 1541 593 1603 virtutibus
609 1544 654 1604 sic
668 1541 840 1606 maleficum
855 1549 963 1604 nactus
979 1547 1071 1606 estin

80 1641 215 1703 corpore
236 1627 392 1702 fingendo.
425 1627 501 1687 Nam
523 1635 554 1688 ct
571 1633 688 1688 statura
703 1627 759 1688 fuit
772 1627 878 1688 immiti
893 1635 923 1688 et
938 1639 1072 1703 corpore
1107 1688 1109 1692 .

79 1711 194 1788 exiguo
210 1719 241 1770 et
255 1711 383 1772 claudus
399 1714 493 1772 altero
509 1711 599 1786 pede.
623 1711 707 1786 Quae
721 1727 774 1772 res
789 1713 879 1773 ctiam
894 1711 1071 1772 nonnullam

79 1795 231 1856 afferebat
245 1795 483 1869 deformitatem,
501 1803 594 1869 atque
612 1796 716 1870 ignoti,
734 1797 844 1855 faeiem
859 1795 925 1855 eius
941 1811 1010 1855 cum
1026 1797 1069 1855 in-

78 1874 246 1954 tuerentur,
263 1879 507 1955 contemncbant,
524 1880 578 1956 qui
593 1887 692 1938 autem
709 1879 836 1940 virtutes
849 1886 998 1940 noverant
1009 1895 1071 1942 non

78 1969 222 2040 poterant
236 1961 379 2024 admirari
395 1963 479 2024 satis.
510 1959 600 2038 Quod
614 1963 641 2022 ei
656 1977 716 2023 usu
732 1965 822 2038 venit,
840 1979 907 2024 cum
922 1971 1101 2026 annoruml

79 2047 237 2123 octoginta
262 2045 403 2109 subsidio
424 2047 527 2108 Tacho
550 2047 579 2106 in
603 2048 780 2124 Aegyptum
802 2047 880 2109 isset
900 2054 930 2108 et
952 2049 983 2108 in
1005 2057 1073 2110 acta

79 2147 149 2193 cum
171 2133 237 2193 suis
259 2132 456 2192 accubuisset
477 2133 544 2192 sine
567 2131 629 2192 ullo
645 2139 725 2192 tecto
741 2138 931 2207 stratumque
946 2131 1073 2194 baberet

79 2219 139 2276 tale
166 2224 200 2276 ut
223 2223 305 2276 terra
325 2223 406 2276 tecta
428 2225 512 2276 essct
534 2216 707 2275 strumentis
734 2230 835 2291 neque
857 2214 917 2274 huc
939 2215 1071 2290 amplius

80 2317 174 2376 quam
195 2300 286 2374 pellis
307 2305 392 2359 esset
412 2299 537 2373 iniecta,
560 2297 733 2373 eodemque
754 2299 881 2360 comites
896 2313 1005 2359 onrnes
1021 2315 1071 2359 ac-

79 2383 263 2446 cubuissent
276 2383 390 2444 vcstitu
404 2382 509 2442 humili
525 2389 618 2457 atquc
633 2383 791 2458 obsoleto,
809 2388 844 2442 ut
858 2397 964 2443 eorum
981 2399 1070 2444 orna-
1148 2379 1151 2383 ’

79 2476 128 2529 tus
151 2483 214 2528 non
235 2467 328 2528 modo
350 2467 380 2526 in
405 2465 441 2527 iis
456 2481 561 2542 regem
576 2467 728 2539 neminem
743 2467 931 2542 significaret
945 2464 1002 2528 sed
1015 2468 1070 2529 ho·

78 2553 179 2612 mines
198 2567 259 2611 non
274 2551 470 2612 beatissimos
487 2552 697 2626 suspicionem
712 2552 884 2628 praeberet.
919 2548 1017 2612 Huius
1033 2553 1101 2618 dea

78 2637 216 2696 adventu
238 2634 319 2696 fama
342 2651 410 2696 curn
430 2636 469 2694 ad
484 2635 587 2710 regios
602 2641 686 2696 essct
699 2638 831 2712 perlata,
854 2636 992 2695 celeriter
1006 2651 1070 2694 nru-

79 2733 156 2780 ncra
178 2735 215 2780 eo
239 2719 390 2795 cuiusque
412 2719 535 2794 generis
559 2721 631 2780 sunt
645 2720 745 2780 alluta.
780 2718 836 2779 His
854 2719 1070 2792 quaerentibus

78 2804 259 2878 Agesilaum
280 2801 334 2863 vix
354 2803 433 2864 fides
452 2805 531 2863 facta
552 2809 708 2863 estunam
724 2816 796 2863 esse
811 2817 850 2860 ex
865 2802 918 2877 iis,
940 2802 1071 2878 quitum

80 2886 283 2948 accubabant.
318 2887 375 2960 Qui
396 2903 465 2946 curn
480 2887 562 2962 regis
577 2887 682 2946 verbis
698 2899 778 2962 quae
793 2887 953 2946 attulerant
968 2885 1101 2947 dedis-4

9 3023 12 3030 .
79 2979 158 3044 sent,
167 2971 217 3030 iiie
230 2978 352 3046 praeter
362 2971 519 3030 vitulinam
532 2978 563 3030 et
574 2971 724 3031 eiusmodi
735 2984 849 3045 genera
861 2971 981 3044 opsonii
992 2982 1071 3046 quae

80 3069 233 3132 praesens
247 3062 369 3131 tempus
388 3052 586 3114 desiderabat
600 3053 674 3114 nillil
689 3055 816 3130 accepit,
832 3063 1002 3128 unguenta,
1019 3071 1070 3114 co-

79 3153 177 3200 ronas
198 3137 432 3216 secundamque
450 3151 589 3199 nierrsam
604 3139 703 3199 seruis
719 3138 885 3216 dispertiit,
908 3145 1008 3198 cetera
1023 3153 1069 3196 re-

80 3221 153 3282 ferri
168 3221 267 3282 iussit.
291 3221 357 3297 Quo
373 3222 454 3284 lucto
473 3239 542 3283 cunr
556 3221 681 3282 barbari
696 3222 792 3298 magis
821 3222 911 3282 etiarn
941 3229 1099 3284 contem-5

79 3313 220 3382 pserunt,
229 3307 313 3381 quod
328 3321 397 3367 eum
414 3305 586 3382 ignorantia
599 3305 749 3368 bonarum
764 3321 867 3367 rerum
881 3305 932 3364 iila
947 3304 1070 3379 potissi-

81 3405 164 3451 mum
192 3388 367 3465 sumpsisse
395 3389 628 3451 arbitrabantur.
676 3390 733 3450 Hic
763 3407 832 3451 cum
860 3404 899 3448 ex
926 3389 1101 3463 Aegyptoe

82 3481 287 3534 reverteretur
306 3475 438 3536 donatus
460 3493 479 3535 a
495 3489 569 3549 rege
583 3473 790 3534 Nectanabide
811 3472 951 3534 ducentis
967 3469 1071 3546 viginti

82 3557 220 3629 talentis,
244 3571 322 3632 quac
344 3561 394 3618 illc
406 3559 524 3628 muneri
540 3558 658 3634 populo
674 3573 732 3619 suo
748 3559 848 3633 daret,
871 3557 1072 3697 vgnissctque

127 3657 214 3700 cona.
230 3649 297 3699 nur.
