2556 3994
154 257 565 346 mcunnnrns‘sr.
594 237 1013 348 ,murinorun'osu
1054 271 1098 338 ts

110 425 161 478 tur
175 418 336 480 iortunem.
353 417 625 494 iuquechsbrms,
640 420 744 494 quoad
758 421 787 480 ei
801 419 919 493 lieebut,
935 421 1126 497 plurimumt

110 502 226 562 aberet.
249 499 356 575 Neque
369 499 547 561 vero'soius
561 502 612 562 ille
626 501 732 563 oberat
745 503 874 566 Athenis
887 504 1024 578 libenter,
1039 505 1097 566 sed

110 599 221 646 omnes
241 585 306 644 iere
324 584 480 660 principes
502 585 638 645 ieeemnt
657 586 753 661 idem,
775 587 859 663 qood
878 593 994 648 tentum
1008 602 1043 648 se
1057 587 1097 648 eb

109 668 228 728 invidie
242 667 389 744 putebant
401 669 519 729 tuturos
536 675 681 744 quantum
696 686 715 731 o
728 677 898 746 conspeetu
909 685 1036 732 suorum
1048 685 1096 730 re·

109 757 280 812 cesserant.
307 752 414 825 ltaque
426 751 532 812 Conon
546 752 709 828 plurimum
720 753 813 828 Cypri
827 753 912 827 vixit,
927 753 1096 829 Iphicrates

109 837 141 895 iu
160 834 303 908 Threcia,
325 835 501 895 Timotheus
515 834 632 909 Lesbo,
656 835 769 895 chores
792 836 895 914 Sigeo.
932 835 1097 898 Dissimilis

109 919 237 994 quidem
259 916 372 976 cheres
399 917 507 978 horum
527 924 558 977 et
575 918 664 979 tectis
686 924 716 978 et
741 919 892 995 moribus,
919 921 977 982 sed
995 926 1098 982 temen

108 999 241 1062 Athenis
255 1007 285 1062 et
297 1000 464 1060 honoratus
479 1007 510 1060 et
524 1008 644 1076 potens.

196 1083 343 1143 Chabrias
365 1090 466 1144 autern
480 1084 572 1159 periit
591 1084 673 1144 hello
694 1085 802 1145 sociali
822 1085 875 1144 teh'
895 1083 999 1146 modo.
1035 1076 1140 1160 Op-1v

109 1163 289 1244 pugnabunt
307 1166 512 1227 Athenienses
534 1167 648 1228 Chium.
682 1167 755 1230 Erat
774 1168 807 1228 in
827 1169 929 1229 classe
948 1167 1097 1230 Chabrias

108 1251 250 1328 privatus
265 1250 323 1310 sed
337 1251 436 1311 omnis
448 1250 499 1325 qui
515 1251 545 1311 iu
559 1251 737 1326 magistratu
751 1257 838 1312 erunt
850 1251 1029 1313 auctoritaie
1043 1267 1097 1311 en-

108 1335 220 1409 teihot,
242 1349 373 1409 eumque
392 1333 491 1409 magis
515 1333 624 1394 milites
647 1351 739 1410 quem
760 1335 812 1410 qui
833 1341 995 1411 praeerant
1014 1335 1097 1410 aspi·

108 1417 241 1478 eiebent.
263 1416 412 1491 Quaeres
427 1418 456 1478 ei
470 1413 632 1477 maturavit
645 1424 781 1478 mortem.
803 1417 878 1478 Nem
893 1419 966 1481 dum
981 1419 1126 1493 primus2

108 1503 214 1562 studet
228 1508 349 1576 portum
362 1501 483 1576 intrere,
498 1495 732 1575 gubernatorem
747 1500 831 1561 iubet
843 1517 882 1562 eo
897 1502 1029 1576 dirigere
1043 1515 1097 1562 utt-

110 1599 196 1657 vem,
219 1585 288 1660 ipse
302 1584 359 1644 sibi
382 1585 528 1660 perniciei
543 1585 605 1646 tuit
640 1585 715 1644 Cum
737 1585 817 1644 enim
839 1585 876 1646 eo
896 1591 1097 1661 penetrasset,

107 1674 232 1728 eeteree
246 1683 307 1727 non
321 1675 394 1728 sunt
408 1676 541 1728 secutae.
567 1667 632 1742 Quo
649 1669 729 1728 ieeto
744 1668 948 1730 eireumiueus
962 1669 1096 1730 hostium

108 1763 265 1812 concursu
280 1766 349 1810 oum
364 1751 529 1812 fortissime
544 1758 707 1827 pugnaret,
729 1751 817 1811 nevis
832 1758 933 1812 rostro
949 1765 1098 1826 pereussa

97 1833 213 1910 'eoepit
233 1833 344 1894 sidere.
377 1835 456 1894 Hine
476 1835 618 1914 reingere
638 1849 706 1892 eum
726 1840 850 1908 posset,
872 1834 899 1894 si
914 1849 950 1894 se
969 1835 1000 1894 in
1014 1849 1128 1904 mere3

107 1918 290 1991 deiecisset,
313 1919 398 1992 quod
413 1917 538 1980 suberat
554 1917 664 1977 elassis
678 1917 925 1989 Atheniensium,
948 1915 1029 1992 quse
1042 1933 1097 1978 ex·

107 2003 228 2078 ciperet
242 2002 381 2076 natantis,
396 2001 498 2078 perire
512 2001 616 2062 meluit
630 2017 722 2076 quem
736 2001 829 2061 ermis
844 2000 971 2062 abiectis
986 2015 1096 2062 navem

107 2087 284 2159 relinquere
307 2085 338 2144 in
360 2101 421 2160 que
441 2086 541 2146 iuerat
559 2091 675 2145 ventus.
711 2084 747 2145 Id
761 2085 854 2146 ceteri
869 2086 972 2146 faeere
991 2086 1096 2145 uolue

107 2175 189 2229 runt.
226 2168 281 2241 Qui
296 2168 399 2229 nendo
413 2169 445 2229 in
458 2175 554 2229 tutum
569 2174 783 2243 pervenerunt.
818 2170 860 2228 At
872 2168 923 2229 ille
937 2175 1096 2242 proestare

109 2252 272 2312 honestem
293 2259 419 2312 mortem
446 2251 626 2312 existimans
645 2251 725 2325 turpi
748 2251 828 2311 vitoe
848 2251 1018 2312 comminus
1039 2266 1096 2326 pu·

108 2351 209 2410 gnaris
225 2333 292 2395 telis
308 2335 441 2397 hostium
455 2336 631 2395 interiectus
645 2340 703 2393 est.

523 2591 720 2602 ...u-m

312 2747 314 2752 ’
371 2793 874 2892 xnrinorunus

112 2963 312 3070 Tramas,
331 2995 467 3056 Cononis
484 2996 580 3070 fitius,
600 2993 809 3056 Atheniensis.
837 2991 894 3052 Hie
908 3007 928 3052 e
942 3003 1028 3069 petre
1047 2996 1122 3058 tte-1
1210 2993 1213 2998 ’

113 3088 234 3157 septem
245 3080 375 3157 pierium
387 3080 487 3140 multis
503 3079 587 3140 auxit
598 3078 769 3140 virtutibus.
787 3075 855 3137 Fuit
865 3075 944 3136 enim
956 3076 1099 3151 disertus,

112 3159 251 3241 impiger,
272 3163 461 3238 laboriosus,
484 3164 529 3224 rei
542 3162 679 3224 rnilite'ris
694 3162 811 3237 peritus
826 3175 928 3234 neque
942 3160 1041 3220 minus
1057 3159 1099 3218 ei·

112 3249 216 3309 vitetis
236 3246 401 3322 regendae.
437 3245 532 3309 Mulie
550 3245 642 3306 huius
656 3250 727 3306 sunt
747 3243 905 3320 praeclare
925 3244 1021 3317 reeta,
1042 3241 1129 3304 sed!

113 3332 192 3392 haee
211 3332 344 3392 monime
363 3330 498 3391 niustria.
528 3328 689 3406 Olynthios
703 3334 734 3388 et
748 3325 916 3404 Byzantios
931 3324 1011 3386 bello
1024 3324 1098 3392 sub·

113 3415 185 3491 egit.
215 3413 340 3476 Samum
361 3411 451 3488 cepit.
479 3415 513 3474 ln
534 3427 596 3488 quo
618 3411 827 3488 oppugnando
850 3407 1002 3483 superiori
1016 3407 1099 3470 helio

113 3498 320 3560 Athenienses
340 3497 423 3558 mille
444 3502 475 3558 et
496 3497 627 3562 dueente
645 3497 760 3558 retente
780 3493 1043 3570 consumpseram„
1067 3491 1101 3550 id
