2556 3994
290 216 293 218 ·
362 203 692 283 xxvnrmcue.
714 211 818 266 noar.
1027 201 1090 269 tot
1128 273 1131 278 ,

92 359 229 434 aliquam
250 357 463 434 quaestionem
485 355 639 432 poeticam
660 355 688 416 ei
708 363 911 432 proponeret,
932 355 1083 426 interdum

93 443 202 502 iocans
226 442 292 502 eius
312 440 511 502 verbosiores
527 438 653 498 eliceret
667 440 826 514 epistolas.
862 437 986 514 Exque
1003 440 1113 503 acci-3

94 525 153 600 dit,
175 541 244 586 cum
259 525 346 587 aedis
360 523 443 586 lovis
457 521 585 586 Feretrii
599 523 630 582 in
647 523 794 598 Capitolio
810 522 848 582 ab
862 523 992 585 Romulo
1009 539 1082 584 con-

95 610 202 670 stituta
224 615 376 670 vetustate
403 616 496 682 atque
517 605 635 666 incuria
656 607 776 668 detecta
798 607 1023 682 prolaberetur,
1049 615 1084 668 ut

93 691 187 754 Attici
208 693 366 754 admonitu
381 692 494 752 Caesar
515 705 583 750 eam
596 690 795 752 reficiendam
810 698 939 752 cureret.
975 691 1112 767 Nequel

94 791 170 838 vero
192 775 265 836 abl.
280 775 414 836 Antonio
436 775 537 834 minus
556 775 670 834 absens
692 774 798 836 litteris
821 773 979 836 colebatur
1001 776 1080 836 adeo

94 868 129 920 ut
150 867 293 920 accurate
316 861 365 918 ille
380 875 420 918 ex
440 857 553 920 ultimis
574 859 664 918 terris
687 859 760 936 quid
783 863 887 934 ageret
908 871 1001 918 curae
1023 859 1082 920 sibi

94 943 222 1003 haberet
241 943 402 1006 certiorem
424 944 527 1002 lacere
539 942 682 1002 Atticum.
718 942 786 1004 Hoc
802 945 893 1018 quale
907 943 947 1002 sit
960 941 1109 1004 facilius5

94 1025 281 1088 existimabit
301 1027 328 1087 is
352 1027 404 1102 qni
426 1026 562 1089 iudicare
583 1026 697 1102 poterit
710 1031 844 1101 quantae
858 1027 897 1086 sit
911 1026 1080 1100 sapientiae

94 1125 202 1172 eorum
222 1111 354 1171 retinere
371 1125 462 1172 usum
476 1109 783 1186 benevolentiamque
797 1111 876 1170 inter
891 1125 971 1184 quos
985 1109 1080 1170 maxi-

96 1211 214 1254 marum
234 1211 338 1256 rerum
358 1211 421 1256 non
436 1197 536 1256 solnm
552 1195 714 1256 aemulatio
730 1195 787 1254 sed
802 1194 980 1258 obtrectatio
996 1201 1094 1256 tanta

1 1277 2 1280 ’
93 1278 304 1338 intercedebat
325 1286 470 1354 quantam
493 1278 549 1338 fuit
570 1279 706 1340 incidere
727 1294 858 1340 necesse
876 1279 953 1338 inter
969 1277 1080 1340 Caesa-

93 1377 159 1422 rem
183 1369 276 1438 atque
291 1362 466 1436 Antonium,
490 1377 559 1422 cum
573 1378 609 1422 se
624 1370 753 1438 uterque
767 1363 937 1438 principem
952 1377 1014 1422 non
1029 1379 1080 1424 so·

94 1448 156 1507 lum
172 1446 257 1506 urbis
272 1447 390 1508 Romae
405 1445 461 1507 sed
478 1445 563 1506 orbis
578 1452 725 1506 terrarum
740 1460 812 1506 esse
828 1453 963 1522 cuperet.

177 1530 240 1590 lali
256 1531 348 1591 modo
371 1547 439 1591 eum
456 1537 573 1605 septem
590 1537 621 1590 et
635 1530 830 1606 septuaginta
844 1546 943 1591 annos
960 1546 1042 1591 com·
1054 1529 1123 1596 XXI

93 1615 213 1689 plesset
235 1619 327 1690 atque
348 1615 389 1674 ad
403 1620 570 1676 extremam
585 1620 774 1675 senectutem
788 1631 851 1676 non
865 1615 966 1676 minus
981 1613 1079 1688 digni·
1149 1687 1152 1694 ¹

92 1703 155 1758 tate
176 1713 267 1774 quam
287 1698 384 1772 gratia
398 1700 584 1773 fortunaque
599 1699 747 1759 crevisset
759 1701 883 1772 (multas
899 1698 977 1758 enirn
992 1697 1081 1758 here-

94 1782 205 1841 ditates
226 1781 310 1842 nulla
330 1783 436 1841 aliare
452 1798 542 1857 quam
557 1783 692 1842 bonitate
707 1788 893 1842 consecutus
909 1786 970 1854 est)
984 1788 1080 1842 tanta-

94 1880 156 1941 que
178 1865 383 1940 prosperitate
403 1881 480 1926 usus
502 1873 586 1926 esset
606 1866 788 1926 valetudinis
809 1873 843 1926 ut
857 1868 944 1926 annis
959 1865 1081 1940 triginta

93 1948 247 2010 medicina
261 1966 323 2010 non
337 1950 534 2024 indiguisset,
550 1956 658 2010 nactus
673 1958 721 2010 est
733 1949 873 2010 morbum
890 1965 980 2026 quem
995 1951 1109 2010 initioa

94 2040 125 2093 et
135 2033 204 2108 ipse
216 2039 247 2092 et
257 2034 367 2094 medici
379 2041 638 2107 contempserunt.
661 2033 737 2094 Nam
751 2041 896 2110 putarunt
910 2049 981 2094 esse
996 2040 1080 2094 tene·

95 2132 191 2189 amon,
202 2117 251 2176 cui
261 2118 397 2178 remedia
409 2117 519 2178 celeria
531 2116 693 2192 faciliaque
701 2118 960 2192 proponebantur.
975 2117 1009 2175 ln
1020 2117 1110 2182 hoca

1 2267 2 2284 ἶ
94 2216 163 2261 oum
177 2200 232 2260 tris
246 2201 361 2260 mensis
377 2202 446 2262 sine
458 2201 528 2260 ullis
543 2201 701 2262 doloribus
717 2208 931 2276 praeterquam
946 2217 1025 2275 quos
1040 2216 1081 2259 ex

1 2287 2 2364 j
95 2285 253 2345 curatione
275 2283 416 2358 capiebat
430 2283 689 2359 consumpsisset,
706 2283 809 2346 subito
822 2291 906 2346 tanta
920 2287 967 2344 vis
981 2283 1080 2344 morbi

1 2367 2 2370 ’
94 2368 124 2426 in
140 2384 234 2428 unum
248 2368 423 2428 intestinum
440 2368 579 2442 prorupit
592 2375 626 2428 ut
636 2374 772 2428 extremo
785 2375 924 2444 tempore
935 2385 992 2444 per
1002 2369 1078 2430 lum·
1146 2409 1154 2448 ·,

96 2452 154 2512 bos
169 2452 289 2512 fistulae
305 2450 391 2526 puris
407 2451 583 2529 eruperint
600 2454 703 2526 Atque
716 2449 777 2512 froc
791 2453 970 2530 priusquam
986 2452 1014 2512 ai
1028 2453 1109 2512 acl

95 2535 225 2608 cideret,
247 2543 412 2612 postquam
434 2537 463 2596 in
486 2536 552 2596 dies
575 2536 700 2598 dolores
721 2553 901 2598 accrescere
923 2537 1080 2612 febrisque

95 2619 271 2680 accessisse
286 2619 391 2690 sensit,
408 2619 578 2695 Agrippam
592 2636 739 2696 generum
754 2623 794 2681 ad
809 2637 849 2692 se
859 2621 976 2682 accersi
991 2620 1081 2679 iussit

95 2710 126 2762 et
146 2719 215 2764 eum
236 2719 273 2765 eo
288 2703 320 2764 L.
338 2701 510 2765 Cornelium
529 2703 657 2765 Balbum
673 2703 861 2782 Sextumque
875 2704 1079 2764 Peducaeum.

95 2787 160 2848 Hos
175 2794 209 2856 ut
221 2788 346 2848 venisse
360 2787 450 2858 vidit,
476 2787 507 2846 in
523 2789 657 2847 cubitum
671 2789 794 2848 innixus
818 2789 965 2860 Quantam
982 2787 1109 2864 inquito

93 2887 200 2933 curam
215 2872 455 2946 diluendamque
465 2873 496 2930 tn
508 2873 677 2932 valetudine
687 2889 753 2933 mea
764 2875 875 2935 tuendo
885 2874 941 2934 boc
951 2879 1080 2948 tempore

93 2955 281 3016 adhibuerim
298 2972 365 3016 cum
376 2972 425 3016 vos
436 2955 663 3030 testationem,
681 2958 757 3018 nibil
765 2959 1081 3034 necesseestpturttos

94 3041 190 3099 verbis
207 3055 445 3100 commemorare.
477 3039 585 3110 Quibus
601 3043 755 3114 quonlam,
776 3048 810 3101 at
821 3057 922 3117 spero,
937 3041 1077 3113 satisfeci,

94 3139 141 3182 nee
160 3125 236 3183 nibil
254 3127 364 3199 relique·
379 3125 489 3197 secisse
508 3125 587 3202 quod
601 3124 644 3183 od
663 3125 832 3184 sonandum
845 3143 892 3186 me
907 3129 1078 3200 pertineret,

1 3247 2 3276 2
94 3205 708 3282 reliquumestutcpometmibicoosatom.
728 3204 1108 3284 loeosipnorarenomts

95 3289 172 3350 Nam
191 3293 266 3351 mebi
277 3299 336 3352 stat
354 3297 437 3354 clere
450 3292 585 3354 motum
596 3294 740 3354 minere.
769 3295 904 3368 Nontpoe
916 3293 963 3354 lu's
977 3293 1079 3355 diebus

94 3375 242 3449 quodquod
253 3377 313 3436 cabi
323 3380 445 3453 sampsi,
459 3377 649 3451 turmodum·
660 3379 750 3440 citam
764 3387 796 3438 ct
809 3380 948 3438 anamim
963 3377 1084 3436 dolores

93 3459 159 3518 εἰπε
174 3475 230 3535 spe
247 3463 361 3522 solatia
394 3461 627 3533 concarata
640 3469 714 3538 peto
729 3464 861 3539 primum
878 3463 1079 3524 newercam
